5244 6618
616 663 659 726 30

618 867 746 950 quimur
767 865 983 930 recentiorem
1005 866 1214 952 scripturam,
1238 885 1319 951 quae
1343 865 1528 932 duodecimi
1550 863 1671 931 saeculi
1696 876 1754 930 est.
1798 865 1906 932 Antea
1927 887 2015 947 vero,
2043 861 2172 928 saeculo
2195 863 2265 928 fere

618 1013 714 1074 nono,
737 991 815 1056 bine
834 990 921 1073 folia,
945 989 1217 1078 quemadmodum
1238 1013 1324 1056 nunc
1339 991 1540 1056 numeranda
1556 1001 1639 1076 sunt,
1664 991 1849 1058 efficiebant
1863 1015 1963 1060 unum
1978 991 2102 1058 formae
2119 998 2263 1076 quartae.

618 1117 763 1183 Primum
782 1119 867 1182 enim
887 1117 930 1182 ad
948 1117 1233 1204 evangelistarium
1251 1117 1396 1183 adhibita
1416 1127 1503 1202 sunt,
1524 1120 1638 1206 quavis
1659 1122 1780 1206 pagina
1795 1117 1921 1187 duabus
1937 1117 2095 1184 columnis
2110 1138 2264 1181 versuum

618 1245 659 1309 23
675 1247 869 1330 conscripta.
912 1243 1087 1332 Antiquior
1101 1247 1165 1310 ista
1180 1247 1342 1332 scripttua
1354 1245 1389 1310 in
1403 1244 1567 1333 plerisque
1583 1245 1669 1311 foliis
1685 1249 1811 1312 nonita
1826 1245 1977 1328 dilucida,
1993 1247 2028 1312 iu
2041 1243 2151 1310 multis
2167 1244 2264 1308 etiam

617 1371 704 1438 lectu
727 1371 918 1441 difficillima
940 1383 999 1437 est.
1043 1373 1165 1437 Forma
1187 1383 1237 1438 est
1256 1370 1397 1458 oblonga
1417 1370 1476 1437 sed
1490 1371 1532 1438 ad
1547 1371 1631 1438 latus
1647 1397 1713 1440 non
1728 1373 1872 1458 deflexa3
1895 1373 1940 1439 nil
1955 1373 2141 1438 affectatum
2155 1367 2263 1450 babet,

618 1499 663 1564 nil
683 1499 724 1564 ab
745 1500 925 1564 imitatione
942 1501 1052 1586 potius
1068 1521 1164 1586 quam
1179 1500 1220 1565 ab
1235 1521 1297 1564 usu
1312 1497 1487 1564 uncialium
1502 1499 1680 1566 litterarum
1697 1501 1918 1568 derivandum.
1962 1499 2148 1580 Praeterea,
2164 1519 2264 1583 quan·

618 1637 685 1692 turn
705 1649 838 1692 cernere
856 1625 946 1708 licet,
966 1627 1184 1713 interpunctio
1204 1625 1445 1714 simplicissima
1459 1635 1522 1710 est,
1546 1637 1642 1714 atque
1658 1627 1776 1694 desunt
1791 1606 1885 1714 signa
1899 1627 2098 1692 recitationis
2113 1622 2264 1710 publicae

618 1777 736 1822 caussa
763 1753 954 1841 plerumque
981 1752 1100 1818 addita.
1153 1751 1278 1818 Textus
1301 1754 1467 1840 ingenium
1493 1775 1559 1820 non
1581 1753 1670 1820 aliud
1692 1764 1742 1820 est
1764 1779 1860 1842 quam
1882 1755 1916 1820 in
1938 1753 2102 1841 plerisque
2125 1771 2263 1834 evange·

616 1881 750 1946 listariis
772 1879 967 1964 uncialibus,
989 1881 1152 1945 aratione
1167 1879 1370 1967 Byzantinae
1390 1881 1549 1947 ecclesiae
1569 1880 1656 1948 haud
1671 1881 1819 1948 diversis.
1865 1881 2059 1969 Speciminis
2075 1901 2194 1944 caussa
2207 1875 2264 1942 ad·

620 2007 760 2074 scribam
776 2029 858 2094 quae
874 2005 960 2074 foliis
978 2007 1037 2072 127
1053 2016 1142 2072 recto
1159 2015 1192 2072 et
1207 2007 1269 2072 124
1282 2028 1380 2073 verso
1395 2005 1470 2093 legi,
1494 2009 1623 2073 omissis
1640 2007 1828 2075 accentibus
1845 2020 1877 2075 et
1892 2005 2069 2096 spiritibus,
2085 2028 2167 2093 quos
2184 2005 2264 2070 satis

619 2137 749 2222 assequi
765 2157 831 2200 non
846 2144 1004 2220 poteram.
1048 2133 1157 2199 Locus
1174 2145 1225 2200 est
1238 2133 1314 2200 Joh.
1333 2135 1360 2218 l,
1375 2135 1511 2200 40-47.

822 2319 912 2396 ηλθον
934 2341 983 2378 ooo
1003 2340 1051 2378 κω
1072 2339 1095 2378 a
1678 2340 1777 2398 aquae
1801 2342 1817 2380 a
1837 2341 1949 2398 ερμηνεν

821 2438 870 2496 dor
891 2458 946 2497 nov
966 2457 1046 2515 pava·
1064 2459 1111 2496 και
1677 2459 1738 2498 aas
1759 2456 1875 2516 nerpoc:
1897 2469 1937 2480 -

821 2577 880 2633 παρ
903 2575 1110 2631 aususausus
1653 2559 1695 2634 Tq
1717 2577 1855 2634 επαυριον
1872 2557 1960 2634 qdelq

820 2695 870 2750 την
891 2695 994 2752 ημεραν
1014 2662 1118 2752 ιεκεινηῖ
1677 2695 1725 2736 aar
1746 2673 1871 2748 εξιὶθειν
1892 2697 1930 2743 uc
1950 2661 1998 2752 aq*

820 2813 882 2870 ωρα
902 2814 935 2868 ην
956 2814 996 2861 ως
1017 2793 1130 2870 baaru·
1627 2802 1645 2856 5
1678 2794 1831 2872 rutilatur·
1848 2815 1896 2853 και
1916 2813 1945 2852 ao

784 2914 834 2970 Hs
856 2911 975 2988 ανδρεας
996 2932 1012 2970 o
1034 2911 1101 2970 adel
1678 2933 1763 2991 pura
1783 2911 1923 2990 qeme-

820 3049 875 3107 φος
896 3049 1015 3106 amarae
1035 3049 1138 3107 πειρον
1678 3052 1726 3090 και
1745 3031 1815 3110 layas
1836 3052 1913 3090 αυτω
1936 3053 1952 3091 o

822 3167 860 3216 εις
881 3167 912 3205 εκ
933 3167 989 3206 των
1011 3148 1060 3207 duo
1081 3167 1137 3206 των

823 3285 1003 3326 manno
1023 3285 1104 3342 παρα

1677 3135 1709 3217 s}-
1734 3149 1884 3209 metanda
1904 3169 1957 3226 μοι.

1676 3291 1709 3346 ην
1731 3269 1761 3327 be
1782 3289 1798 3327 o
1819 3267 1959 3345 φιλιππος·
1985 3289 2004 3325 u

821 3405 948 3444 marano·
965 3404 1012 3444 και
1035 3405 1088 3445 aaa
1614 3395 1647 3448 10
1680 3407 1719 3447 ao
1739 3388 1894 3467 βηθσαὶδα·
1912 3407 1942 3446 εκ
1963 3405 2011 3462 τηε·

821 3502 1024 3578 nequeamus
1046 3525 1082 3562 nv

822 3641 870 3680 τω·
889 3641 1002 3698 ευρισκει
1023 3643 1104 3690 ουτος

822 3758 940 3816 aponus·
958 3759 1007 3800 τον
1029 3740 1095 3799 alsi

821 3879 876 3936 φον
897 3880 945 3918 τον
966 3859 1033 3918 ὤιον
1055 3880 1126 3938 arpa)

1678 3507 1786 3574 πολεως
1807 3507 1922 3584 ardpsoo
1943 3526 1973 3581 x,

1677 3645 1787 3703 naccon
1805 3644 1919 3702 ενρισκει

1653 3743 1795 3810 ‘briannus'
1815 3764 1864 3802 τον
1885 3745 1967 3800 voda

1677 3863 1748 3940 rapt
1768 3883 1816 3921 και
1835 3861 1904 3939 layez
1926 3832 1986 3919 evi·

820 3997 864 4034 να·
883 3999 930 4038 και
950 3979 1020 4056 layez
1042 3999 1126 4038 aoru-
1616 3989 1648 4041 15
1683 4003 1715 4040 or
1736 3995 1843 4060 εγραψε
1863 3999 1957 4058 umens
1978 3999 2007 4037 ὃν

793 4097 954 4173 Ευρηκαμεν
975 4117 1024 4155 τον
1045 4117 1078 4172 με
1677 4121 1717 4158 τω
1739 4119 1814 4176 voum
1836 4119 1883 4158 και
1903 4119 1929 4157 οι
1949 4117 2004 4175 προ

822 4233 893 4272 asur·
912 4235 928 4272 ο
950 4233 1023 4274 εστιν
1043 4219 1132 4293 μεθερ

822 4317 1067 4412 monoculum-1}
1677 4322 1713 4395 ἷνΪ
1729 4357 1777 4395 τον
1792 4319 1833 4394 ἦ
1851 4355 1901 4394 του
1922 4357 1954 4393 ιω

824 4471 871 4507 και
891 4471 991 4528 qynyrv
1013 4473 1098 4512 coroa
1678 4475 1735 4532 σηφ
1756 4475 1805 4514 τον
1827 4473 1886 4513 arto
1907 4452 1980 4524 ναζα

824 4589 895 4645 προς
915 4589 964 4628 τον
977 4556 1018 4629 ἶν’·
1035 4570 1114 4649 appla
1612 4581 1646 4634 ⁶20
1679 4577 1742 4650 ρεθ·
1760 4593 1808 4631 και
1828 4593 1902 4632 urar
1925 4593 2001 4632 αυτω

823 4708 882 4763 φας
903 4689 933 4746 de
955 4709 1031 4747 αυτω
1053 4711 1069 4748 ο
1089 4675 1121 4757 ᾖ
1145 4677 1222 4750 ems
1678 4691 1838 4768 vacaran-

822 4825 857 4866 σν
878 4827 901 4864 ει
921 4825 1016 4884 cuson-
1035 4829 1051 4866 ο
1072 4794 1112 4875 υῙ
1125 4829 1158 4866 ιω
1649 4812 1691 4868 Ex
1712 4804 1846 4887 ναζαρεθ’
1871 4811 1988 4870 mutar

824 4946 869 4983 su·
887 4943 922 4984 oo
943 4924 1070 5004 κληθηση
1612 4929 1647 4982 23
1680 4949 1707 4987 u
1729 4932 1844 5007 αγαθον
1865 4948 1941 4988 was·
1959 4928 1989 4988 lc

725 5071 787 5134 His
804 5068 963 5135 ‘versibus
991 5071 1123 5158 aliquod
1147 5081 1344 5138 momentum
1367 5073 1448 5139 haec
1471 5073 1605 5140 babent:
1635 5097 1666 5137 v.
1689 5075 1740 5138 40.
1764 5071 1827 5150 mlv,
1851 5097 1871 5139 a
1893 5073 1987 5140 codd.
2011 5071 2165 5138 ABOLX
2189 5095 2264 5136 cum

621 5199 757 5261 nrinusc.
771 5195 919 5283 pluribus
934 5199 1035 5264 invito
1051 5207 1142 5264 textu
1156 5209 1288 5287 recepto
1305 5200 1499 5284 exhibitum3
1521 5201 1657 5284 ibidem,
1677 5200 1953 5266 consentientibus
1969 5201 2110 5286 antiquis
2126 5197 2263 5264 testibus

622 5323 690 5388 fere
713 5323 872 5408 omnibus,
896 5323 958 5410 ὥρα
981 5325 1104 5412 absque
1127 5327 1171 5404 δίς
1196 5351 1226 5391 ν.
1247 5327 1297 5392 42.
1320 5332 1430 5412 μεσίαν,
1455 5327 1544 5416 quod
1564 5327 1740 5392 uncialium
1765 5329 1914 5394 codicum
1932 5325 2264 5393 EFGHKLfflsUV

621 5459 765 5534 tuentur3
789 5475 818 5515 v.
835 5452 885 5516 43.
909 5453 1050 5538 ἐμβλέψας
1073 5457 1114 5530 δέ,
1137 5477 1200 5541 quo
1222 5453 1295 5520 loco
1318 5455 1463 5542 plerique
1487 5453 1580 5521 codd.
1604 5453 1747 5520 unciales
1768 5460 1801 5522 δέ
1817 5457 1981 5539 omittunt3
2004 5477 2034 5518 v.
2054 5453 2104 5519 44.
2128 5454 2265 5536 ἠθεῖησεν
