5244 6618
591 707 634 774 54

654 913 721 998 Εἶχε
733 911 782 978 καί
795 915 892 998 ἑτίρας
904 913 1073 998 ὑπογραφάς
1086 913 1205 990 ταότας·
1220 913 1236 981 5
1251 913 1382 987 ταπεινός

554 1054 558 1062 ’
591 1044 793 1126 μητροπολίτης
805 1041 951 1126 Σάρδεων,
970 1043 1088 1128 ἔξαρχος
1102 1041 1196 1126 πάσης
1209 1045 1321 1116 Λυδίας
1334 1039 1382 1107 καὶ

592 1169 738 1252 tuemu-
755 1175 787 1234 Γ
783 1169 919 1254 ρηγόριος·
942 1169 958 1237 5
977 1173 1138 1255 Δυρραχίου
1158 1170 1289 1244 ταπεινάς
1309 1175 1382 1253 Γρη-

592 1296 693 1380 γόραις·
708 1295 724 1363 5
738 1297 869 1371 ταπεινάς
881 1301 1083 1382 μητροπολίτης
1093 1299 1321 1382 Λακεδαμονιάς
1334 1292 1383 1362 καὶ

591 1424 737 1509 όπερτιμος
751 1430 870 1498 Νεῖλος·
885 1424 901 1492 5
915 1428 1116 1510 μητροπολάης
1130 1427 1275 1492 Μαδότων
1288 1451 1382 1490 ταπει-

592 1553 641 1627 νός
650 1552 761 1619 Ἰσαάκ·
777 1551 793 1619 5
807 1553 939 1627 ταπεινός
951 1553 1320 1638 μητροπολάηςΜηθόμνης
1333 1550 1382 1618 καὶ

592 1679 739 1764 όπερτιμος
767 1684 936 1766 Μαλαχίας·
969 1681 986 1748 5
1018 1681 1149 1756 ταπεινός
1180 1683 1382 1766 μητροπολίτης

592 1807 784 1892 Bauium}
797 1809 944 1894 όπερτιμος
959 1809 1118 1894 Μακάριος.

657 1937 724 2021 Εἶχε
738 1935 786 2002 καί
800 1934 921 2004 ὄπισθεν
934 1937 967 2004 τό
980 1937 1085 2021 Ἐδόθη
1100 1935 1175 2004 κατά
1190 1934 1382 2021 μῆναΑόγου·

594 2089 662 2130 στου
675 2070 725 2148 τῆς
739 2063 838 2148 ι’νάτης
851 2066 1018 2139 ίνδαιτιῶνος
1031 2070 1081 2130 τοῦ
1096 2072 1199 2148 ,ςωμθ
1215 2065 1293 2138 ἔτους
1301 2060 1337 2150 ¹).

657 2193 730 2258 Εἶτα
748 2193 803 2276 εἶχε
820 2191 868 2258 καί
885 2191 1051 2278 ὑπογραφὴν
1068 2197 1118 2258 τοῦ
1131 2195 1263 2270 Κυζάου,
1286 2216 1381 2276 προγε-

593 2320 735 2405 γραφότος
756 2317 804 2384 κατ’
825 2325 925 2386 ταῦτα.
971 2321 1014 2387 01'1
1034 2315 1206 2404 συνειιλιγθην
1225 2319 1276 2403 τὴν
1294 2318 1382 2404 ἀρχὴν

594 2449 633 2522 είς
646 2447 679 2514 τὸ
694 2447 813 2514 ἀκοῦσαι
824 2446 873 2532 τὴν
886 2447 1023 2514 ὑπόθεσιν
1034 2447 1089 2531 πρὸ
1101 2453 1151 2531 τῆς
1162 2448 1291 2514 συνόδου·
1307 2446 1381 2514 ἀλλά

594 2574 642 2642 καὶ
661 2577 690 2640 ἐν
708 2581 742 2658 τῇ
755 2575 862 2655 συνόδῳ
877 2577 1030 2658 κληθέντος
1042 2603 1096 2660 μου
1109 2573 1157 2642 καὶ
1171 2575 1383 2659 προενεγκόντα·

593 2703 657 2769 τινά
682 2701 834 2788 γράμματα
860 2703 899 2776 είς
924 2702 958 2770 τὸ
986 2702 1218 2788 ἀναγνωσθῆναι,
1247 2703 1296 2769 οόκ
1323 2703 1382 2769 ἀνε-

594 2832 719 2916 γνώσθη.
737 2830 809 2914 μετά
827 2828 920 2915 δὲτὴν
934 2833 1022 2914 κρίσιν
1036 2829 1121 2896 πάλιν
1134 2829 1184 2896 οόκ
1203 2829 1323 2914 ἐκλήθην
1342 2830 1382 2904 είς

594 2957 644 3044 τὴν
664 2957 862 3041 συνδιάσκειμιν
884 2963 934 3024 τοῦ
951 2959 1105 3043 γραφέντος
1118 2956 1215 3040 τόμου·
1238 2955 1285 3022 διά
1298 2961 1382 3023 τοῦτο

595 3089 645 3155 οόκ
662 3086 792 3170 ἡθελησα
809 3083 976 3170 ἀπογράφω
990 3086 1030 3160 είς
1042 3084 1092 3154 τὸν
1105 3085 1191 3169 τόμον
1205 3083 1234 3150 όν
1247 3089 1289 3164 τῷ
1303 3083 1382 3165 τόπῳ

594 3242 654 3298 μου.
670 3210 728 3280 ε’πεῖ
742 3211 772 3278 δὲ
785 3209 834 3278 καὶ
847 3207 945 3298 ουνεβη
959 3213 1074 3298 ἐνεγκεῖν
1086 3239 1133 3296 μοι
1146 3211 1225 3286 τινάς
1237 3213 1305 3296 μίρη
1319 3210 1383 3278 τινά

596 3341 655 3408 ἀπὸ
682 3345 740 3406 τῶν
764 3339 986 3425 συγγραμμάτων
1014 3345 1064 3408 τοῦ
1089 3339 1256 3424 τιμιωτάτου
1281 3339 1383 3424 ἱερομο-

594 3465 682 3554 νάχου
700 3470 793 3551 κυρίου
807 3473 839 3532 Γ
834 3470 960 3552 ρηγορίου
977 3473 1027 3533 τοῦ
1041 3473 1182 3550 Παλαμά,
1199 3461 1273 3552 ἦσαν
1286 3465 1316 3533 δὲ
1330 3493 1383 3532 πα·

595 3597 837 3682 ρακεχαραγμίνα,
856 3594 897 3668 άς
913 3591 1027 3678 ὕστερον
1046 3593 1113 3660 ι’διάν
1130 3592 1179 3660 καί
1193 3594 1336 3679 ἀναγνοὺς
1344 3594 1383 3661 τά

594 3723 697 3790 ε’κείνου
724 3723 927 3807 συγγράμματα
952 3722 1062 3805 ἔμαθον
1087 3721 1138 3806 τὴν
1159 3719 1312 3807 ἀλήθειαν,
1334 3719 1382 3788 καλ

595 3851 706 3935 ἔμαθον
724 3847 767 3916 ότι
785 3849 814 3914 όν
832 3855 904 3916 πᾶσι
917 3849 1053 3934 σόμφωνά
1068 3851 1119 3917 εἶσι
1132 3861 1192 3924 τοῖς
1206 3848 1295 3934 ἁγίοις
1309 3850 1382 3935 ἀιιρι·

594 3982 652 4063 βοῖς
677 3975 753 4043 κατά
779 3976 889 4042 πάντα·
918 3976 992 4042 ἀλλά
1014 3975 1062 4042 καὶ
1084 3977 1149 4052 τοός
1169 3977 1267 4062 λόγους
1288 3977 1381 4044 αὐτῶν

596 4105 729 4178 ἀκοόσας,
750 4101 798 4170 καί
820 4103 921 4178 αὐτοὺς
941 4104 1106 4188 συμφώνους
1124 4099 1203 4188 εόρον
1221 4117 1280 4179 τοῖς
1294 4104 1382 4190 ἁγίοις

595 4231 671 4298 κατά
689 4232 794 4298 πάντα
814 4230 861 4297 διά
875 4235 958 4298 τοῦτο
972 4233 1029 4315 ι’δίμ
1051 4233 1090 4306 είς
1101 4234 1257 4316 μαριυριαν
1270 4230 1318 4298 καί
1333 4232 1382 4299 ἀσ-

594 4359 714 4443 φάλειαν
734 4363 783 4442 τῆς
804 4357 943 4441 ἀληθείας
963 4363 1020 4424 των
1038 4361 1189 4444 λεγομένων
1207 4357 1255 4426 καὶ
1270 4387 1382 4444 γεγραμ-

593 4489 682 4571 μένων
702 4484 757 4552 ίπό
779 4511 810 4550 τε
831 4489 882 4550 τοῦ
903 4485 1069 4569 τιμιωτάτου
1092 4487 1271 4572 ἱερομονάχου
1288 4490 1382 4570 καιρίου

593 4619 626 4678 Γ
621 4615 748 4698 ρηγοριόυ
768 4617 818 4679 τοῦ
837 4617 969 4696 Παλαμοῖ
989 4610 1037 4677 καί
1054 4617 1112 4680 τοῖν
1129 4618 1234 4680 λοιπῶν
1250 4619 1382 4699 μοναχῶν

593 4737 755 4824 ἀπέγραψα.
774 4739 821 4806 διά
841 4737 871 4804 δά
888 4745 938 4824 τῆς
952 4739 1038 4806 αι’ποῦ
1055 4739 1145 4824 χειρός
1164 4739 1197 4806 τὸ
1216 4740 1232 4808 5
1251 4739 1382 4816 ταπεινός

592 4870 794 4951 μητροπολίτης
807 4869 931 4944 Κυζίκου
944 4865 1090 4950 όπιρτιμος
1099 4865 1147 4933 καὶ
1161 4868 1277 4952 ἔξαρχος
1287 4868 1382 4952 πάσης

590 4993 795 5078 Ἑλλησπόντου
807 4993 993 5067 Ἀθανάσιος.

656 5122 723 5205 Εἶχε
737 5117 785 5185 καί
798 5121 932 5187 κάτωθεν
942 5121 1164 5204 προσηρτημένον
1176 5121 1209 5188 τὸ
1219 5119 1291 5205 μετά
1303 5149 1382 5197 τινας

591 5247 707 5333 χρόνους
732 5247 876 5333 γενόμενον
904 5248 1018 5332 γράμμα
1040 5247 1122 5332 παρά
1144 5253 1203 5313 των
1223 5249 1381 5333 ίερωτάτων

696 5433 715 5502 ¹)
733 5431 768 5486 Id
781 5439 825 5487 est
836 5448 911 5486 anno
923 5429 1022 5485 mundi
1033 5431 1109 5498 6849,
1123 5431 1182 5485 sive
1196 5429 1302 5486 Christi
1315 5431 1389 5486 1341.

1449 916 1598 1002 ἀρχιερέων
1619 915 1752 1000 περὶτοῦ
1775 921 1918 984 σιυοδικοῐι
1938 917 2037 984 τοίπου
2054 917 2140 1000 τόμον
2158 917 2236 1000 λέγον

1449 1041 1550 1119 οότως·
1572 1045 1729 1128 Σπίργομεν
1750 1041 1798 1108 καί
1819 1043 2022 1130 ἀποδεχόμεθα
2039 1043 2090 1128 τὴν
2108 1043 2171 1128 περὶ
2188 1049 2238 1127 τῆς

1449 1172 1588 1257 εόσεβείας
1608 1174 1695 1255 κρίσιν
1715 1169 1764 1238 uui
1785 1171 1932 1256 διάγνωσιν
1952 1169 2000 1238 καὶ
2021 1171 2168 1256 ἀπόφασιν
2188 1176 2238 1254 τῆς

1448 1301 1569 1384 μεγάλης
1589 1300 1692 1383 εἰιείνης
1708 1299 1838 1374 ουιόδου,
1859 1299 1928 1364 καθ’
1944 1299 1978 1385 ἢν
1991 1298 2175 1382 προοιάθητο
2187 1294 2237 1364 καὶ

1448 1426 1465 1494 5
1494 1427 1728 1512 τρισμακάριστος
1754 1424 1802 1492 καί
1830 1424 1908 1512 ἀγιος
1927 1426 2005 1511 ἡμων
2026 1426 2167 1509 αὐθέντης
2187 1423 2235 1490 καί

1447 1555 1587 1640 βασιλεός·
1613 1552 1662 1620 καὶ
1687 1555 1737 1622 τόν
1762 1552 1808 1620 ε’πῖ
1828 1553 1917 1638 ταίτη
1937 1555 2070 1640 γεγονότα
2090 1554 2175 1636 τόμον
2196 1552 2237 1627 ἀς

1448 1680 1524 1748 κατά
1545 1683 1642 1748 πάντα
1662 1681 1811 1766 συνήγορον
1831 1687 1881 1767 τῆς
1902 1682 2042 1768 εόσεβεάις
2061 1680 2110 1750 καὶ
2131 1681 2186 1755 τάς
2207 1681 2237 1747 ἐν

1451 1810 1528 1891 αι’πῷ
1546 1809 1705 1894 διαγνώσεις
1722 1807 1770 1875 καί
1789 1809 1949 1893 ἀποφάσεις
1962 1812 2108 1894 στεργομεν
2122 1809 2152 1874 ἐν
2165 1812 2237 1875 πάσι

1449 1935 1498 2004 καί
1524 1936 1737 2022 ἀποδεχόμεθα·
1770 1936 1819 2004 τάν
1852 1935 1882 2002 δὲ
1912 1941 2064 2022 τηνικαῦτα
2087 1943 2236 2002 καταδικα-

1449 2067 1560 2130 σθέντα
1573 2063 1721 2148 Βαρλαάμ
1734 2063 1782 2130 καί
1796 2064 1861 2139 τοὺς
1874 2067 1959 2149 κρίσει
1973 2065 2094 2148 ἀληθινῇ
2112 2059 2160 2130 καί
2175 2063 2235 2129 ἀδε-

1448 2193 1545 2274 κάστφ
1559 2191 1809 2277 ιλτγχθησομίνους
1822 2197 1971 2268 ουνοδικοῖς
1990 2191 2029 2258 τά
2052 2192 2154 2258 ι’κεάου
2170 2217 2237 2275 φρο

1448 2325 1566 2394 νοόντας
1586 2317 1635 2385 καὶ
1657 2320 1855 2404 ἀμετανοὴτως
1875 2320 1990 2405 ἔχοντας
2009 2320 2039 2385 εἰι
2056 2324 2148 2404 ψυχῆς
2167 2319 2237 2385 αἰπο·

1448 2449 1617 2533 βαλλόμεθα
1630 2444 1678 2512 καί
1693 2447 1924 2532 άποκηρόττομεν.

1512 2576 1579 2661 Εἶχε
1598 2579 1681 2642 τοῦτο
1699 2575 1732 2643 τὸ
1746 2575 1860 2660 γράμμα
1874 2573 1922 2640 καί
1935 2574 2104 2660 ἀπογραφάς
2115 2573 2235 2649 ταότας·

1449 2701 1466 2770 5
1483 2702 1615 2777 ταπεινὸς
1631 2707 1832 2786 μητροπολίτης
1853 2706 2059 2787 Φιλαδελφείας
2073 2702 2236 2786 Mutum·

1448 2829 1464 2898 5
1491 2829 1622 2903 ταπεινὸς
1647 2831 1848 2914 μητροποῖἀης
1875 2835 2015 2896 Παλαιοῖν
2036 2830 2165 2914 Πάτρων
2189 2827 2237 2894 καὶ

1447 2956 1595 3042 ίπίρτιμος
1617 2957 1822 3042 Μητροφάνης·
1848 2955 1865 3022 5
1887 2957 2017 3032 ταπεινός
2036 2958 2237 3041 μητροπολάης

1450 3086 1611 3169 Μηθόμνης
1636 3083 1684 3150 καί
1708 3084 1854 3168 όπίρτιμος
1875 3085 2043 3168 Μαλαχίας·
2069 3083 2085 3150 5
2107 3082 2238 3158 ταπεινός

1448 3215 1649 3296 μητροπολάης
1665 3211 1783 3280 Ῥωσίου
1803 3209 1851 3277 καί
1871 3211 2017 3295 όπίρωμος
2034 3211 2201 3284 Θεόδουλος·
2220 3209 2236 3276 5

1449 3340 1580 3414 ταπεινός
1596 3342 1797 3424 μητροπολάης
1814 3340 1930 3424 Βάρνης
1948 3336 1996 3404 καὶ
2014 3337 2160 3421 ίπερτιμος
2177 3343 2236 3403 Με-

1449 3468 1560 3543 θόδιος·
1589 3467 1605 3534 5
1634 3467 1765 3542 ταπεινός
1791 3470 1992 3552 γαγτροπολιθης
2019 3463 2067 3530 καί
2090 3463 2236 3548 όπερτιμος

1449 3599 1609 3680 Σηλυβρίας
1620 3595 1756 3669 Ἡσαΐας·
1771 3594 1787 3662 5
1801 3593 1932 3668 ταπεινός
1944 3595 2144 3678 μητροπολάης
2152 3597 2235 3658 Διδυ-

1448 3726 1565 3806 μοτείων
1578 3719 1626 3788 καὶ
1638 3722 1785 3806 όπίρτιμος
1802 3723 1972 3806 Θεόληπτος.

1512 3851 1578 3935 Εἶχε
1592 3847 1640 3915 καὶ
1654 3848 1774 3918 ὄπισθεν
1792 3849 1825 3918 τὸ
1839 3855 1963 3916 τοιοίτον
1977 3848 2091 3932 γράμμα
2104 3846 2158 3922 τάς
2171 3846 2235 3914 tm

1449 3977 1562 4063 γραφάς
1584 3978 1702 4052 ταότας·
1721 3977 1738 4045 5
1756 3976 1887 4050 ταπεινὸς
1899 3977 2100 4060 μητροπολίτης
2114 3975 2237 4052 Κυζίκου

1446 4105 1637 4178 Ἀθανάσιος·
1665 4104 1681 4170 5
1709 4106 1909 4188 μητροπολάης
1936 4102 2080 4168 Μαδότων
2107 4101 2237 4176 ταπεινάς

1447 4232 1556 4298 Ἰσαάκ·
1577 4231 1593 4298 5
1607 4231 1738 4306 ταπεινὸς
1751 4234 1952 4316 μητροπολίτης
1963 4230 2099 4303 Ἀλανίοις
2112 4226 2159 4294 καί
2173 4234 2236 4294 Σω-

1449 4361 1650 4444 τηριουπόλεως
1663 4357 1711 4424 καί
1724 4357 1870 4442 όπερτηιος
1882 4359 2062 4441 Λαυρέντιος.

1511 4487 1578 4571 Εἶχε
1595 4485 1628 4553 τό
1648 4483 1708 4552 ἴσον
1726 4483 1815 4559 οίπως
1831 4483 1874 4552 Τά
1889 4483 1981 4569 παρόν
1996 4481 2055 4550 iu»
2070 4481 2237 4570 ἀντηδληθὲν

1448 4612 1496 4680 καὶ
1510 4614 1586 4680 κατά
1605 4612 1702 4680 πάντα
1725 4611 1852 4690 εξισάζον
1869 4616 1911 4693 τῷ
1930 4612 2104 4696 πρωτοπόπῳ
2123 4607 2237 4696 εὑρεθὲν
2267 4634 2275 4654 ⁸

1448 4739 1593 4826 ἀπεγράφη
1614 4737 1662 4805 καί
1683 4740 1749 4823 παρ’
1773 4740 1838 4823 ι’μοῦ
1859 4738 1890 4804 δι’
1915 4739 2087 4823 ἀσφάλειαν,
2108 4737 2125 4804 5
2144 4763 2237 4804 ταπει-

1449 4867 1497 4942 νός
1510 4869 1710 4951 μητροπολίτης
1722 4866 1850 4950 Σμίρνης
1863 4863 1911 4932 καὶ
1924 4865 2069 4950 όπερτιμος
2076 4864 2235 4949 Μακάριος.

1513 4993 1667 5080 Sequitur
1689 5015 1788 5058 manu
1806 4993 1980 5079 posteriori
2002 4991 2235 5078 subscriptum

1448 5120 1465 5190 5
1483 5121 1614 5196 ταπεινὸς
1631 5122 1831 5204 γογτροπολίτ-ης
1847 5119 1971 5205 Ἐφέσου
1990 5119 2121 5203 Μάρκος·
2145 5119 2237 5197 Μάξι·

1448 5276 1500 5333 μος
1514 5248 1670 5332 Δωρόθεος
1681 5247 1800 5322 Ἰσάκιος
1813 5249 1975 5330 Λαλμάτων
1983 5243 2020 5330 ²).

694 5517 716 5586 ²)
733 5515 889 5573 Recentior
910 5515 1084 5586 subscriptio
1108 5520 1231 5571 testatur
1252 5516 1308 5573 hou
1335 5517 1443 5572 codicis
1465 5515 1655 5590 fragmentum
1677 5515 1746 5573 olim
1767 5532 1801 5571 ex
1822 5515 1903 5572 libris
1924 5514 2089 5571 monasterii
2108 5512 2238 5570 Sinuitiei
