5284 6620
1979 731 2038 796 111

398 934 537 1017 Ὀχοζίαν·
559 931 631 1016 μετά
650 931 680 1000 δὲ
696 937 789 1000 ταῦτα
807 933 967 1000 ἀπολεάιων
985 932 1035 1018 τὴν
1053 934 1221 1017 λειτουργίαν
1239 937 1289 998 τοῦ
1302 933 1437 1018 βασιλεως
1450 933 1664 1017 προεφήτευσεν·
1688 931 1735 999 καλ
1748 933 1851 1000 θανών
1865 935 1954 1018 ἐτάφη
1968 935 2039 1018 μετά

398 1065 456 1126 νοῦν
468 1061 597 1144 πατέρων
612 1060 705 1127 αὑτοῦ.

505 1189 559 1268 (H.
579 1188 712 1272 Ἀβθιοῦ
729 1181 762 1271 ἦν
780 1187 810 1252 έκ
828 1191 877 1272 γῆς
889 1189 992 1272 Συχέμ,
1008 1186 1094 1271 ἀγροῦ
1108 1187 1304 1271 Βηθαρχαάμ
1323 1181 1404 1260 οὑτος
1416 1179 1449 1271 ἦν
1461 1185 1594 1272 μαθητὴς
1605 1185 1705 1262 Ἠλια,
1725 1185 1773 1253 καί
1785 1188 1877 1256 πολλά
1890 1187 2040 1272 ὑπομείνας

399 1315 431 1381 δι’
453 1315 539 1382 αὑτὸν
556 1315 744 1398 περισώζεται.
767 1309 849 1388 οὑτος
866 1308 899 1398 ἦν
912 1313 929 1380 ό
943 1316 1036 1398 τρίτος
1048 1314 1298 1399 πεντηκόνταρχος,
1316 1307 1349 1380 οὑ
1363 1313 1494 1398 ε’φείσατο
1507 1313 1620 1389 Ἠλίας·
1639 1311 1687 1380 καί
1701 1315 1802 1400 κατέβη
1815 1315 1887 1400 πρός
1898 1315 2039 1402 Ὀχοζίαν·

399 1439 447 1508 καὶ
460 1442 532 1526 μετὰ
545 1447 637 1508 ταῦτα
652 1441 798 1508 ἀπολιπών
811 1440 862 1526 νέην
875 1443 1043 1527 λειτουργίαν
1057 1446 1106 1508 τοῦ
1120 1441 1255 1526 βασιλεως
1272 1438 1471 1526 προεφήτευσε·
1491 1436 1540 1504 καί
1558 1440 1701 1517 άπεθανε,
1720 1439 1768 1508 καὶ
1785 1438 1874 1526 έτάφη
1893 1444 1963 1525 μετά
1983 1449 2040 1510 τών

398 1571 528 1654 πατέρων
542 1565 651 1655 αὑτοῦ.)

504 1703 537 1761 Ε.
558 1697 674 1770 Ἰωνᾶς
687 1696 746 1771 υίὸς
759 1697 876 1780 Ἀμαθῆ
890 1689 923 1780 ίγν
938 1696 968 1760 ε’νι
985 1700 1034 1780 γῆς
1047 1693 1249 1780 Καριαθιαρίμ
1266 1697 1381 1779 πλησίον
1393 1696 1518 1774 Ἀζώτου
1535 1697 1643 1771 πόλεως
1660 1697 1736 1762 κατά
1749 1695 1916 1764 θαλασσαν·
1939 1696 1986 1764 καὶ
2000 1699 2040 1763 έκ-

397 1821 536 1910 βρασθείς
549 1824 580 1888 εἰν
592 1829 643 1890 τοῦ
655 1823 754 1908 ια’γτους
767 1821 815 1888 καὶ
830 1823 966 1890 ἀπελθών
980 1824 1018 1897 είς
1024 1829 1135 1906 Νηνευλ
1144 1820 1192 1888 καί
1206 1822 1383 1906 ἀνακάμψας
1397 1823 1446 1890 οὑκ
1460 1825 1560 1908 ἔμεινεν
1574 1825 1613 1898 είς
1625 1823 1675 1909 τὴν
1689 1828 1739 1909 γῆν
1749 1823 1844 1900 αὑτοῦ,
1860 1825 1933 1892 ἀλλά
1949 1851 2040 1908 παρα

398 1950 494 2036 λαβών
511 1950 562 2035 τὴν
574 1951 680 2034 μητερα
694 1951 779 2016 αὑτοῦ
793 1949 958 2034 παρώκησεν
971 1949 1021 2034 τὴν
1034 1949 1113 2033 Σοὺρ
1125 1949 1222 2034 χώραν
1235 1955 1292 2014 τών
1307 1949 1476 2034 ἀλλοφόλων.
1496 1951 1584 2036 ελεγον
1598 1951 1652 2036 γάρ
1666 1948 1709 2017 ὅτι
1722 1949 1811 2026 οὑτως
1825 1951 1922 2036 ἀφθώ
1936 1951 2041 2027 ὄνειδός

397 2106 463 2162 μου,
486 2075 529 2146 ότι
546 2075 707 2160 ε’ψευσάμην
725 2078 920 2162 προφητεύσας
936 2076 1012 2143 κατά
1030 2082 1198 2159 Νηνευλτης
1214 2075 1329 2151 πόλωις.
1349 2071 1382 2162 ίγν
1400 2076 1431 2144 δὲ
1447 2077 1511 2144 τότε
1530 2079 1646 2162 ελέγχων
1663 2079 1766 2152 Ἠλίας
1783 2078 1833 2146 τόν
1845 2077 1970 2164 Ἀχαάβ,
1991 2077 2039 2146 καὶ

396 2209 519 2280 καλεσας
531 2205 610 2289 λιμόν
624 2203 669 2272 ε’πὺ
682 2205 733 2290 τὴν
746 2210 795 2290 γῆν
810 2205 914 2288 ἔφυγεν.
928 2201 976 2270 καὶ
990 2203 1085 2269 ε’λθών
1098 2198 1173 2286 εὑρεν
1186 2202 1235 2287 τὴν
1247 2204 1336 2288 χήραν
1349 2205 1420 2289 μετά
1433 2209 1484 2272 τοῦ
1496 2206 1556 2271 υἱοῦ
1575 2206 1673 2288 αι’ντῆς·
1692 2205 1725 2271 οὑ
1743 2203 1797 2290 γάρ
1815 2205 1935 2290 ἧόῦνατο
1951 2208 2040 2289 μένειν

397 2333 470 2417 μετά
489 2331 688 2416 ἀπεριτμῆτων.
703 2329 752 2396 καὶ
770 2331 913 2416 εὐλόγησεν
932 2329 1031 2416 αὑτήν,
1052 2329 1100 2397 καί
1118 2330 1249 2396 θανόντα
1266 2331 1317 2398 τόν
1334 2333 1393 2399 υἱόν
1411 2333 1496 2416 αὑτῆς
1508 2333 1606 2398 Ἰωνάν
1619 2332 1703 2398 πάλιν
1717 2331 1747 2396 ε’νι
1760 2335 1864 2416 νεκρῶν
1877 2331 1893 2399 ὑ
1908 2331 1979 2408 θεός
1992 2335 2039 2400 διά

395 2465 446 2526 τοῦ
458 2461 544 2526 Ἠλία
559 2459 718 2543 ἀνέστησα·
734 2459 870 2542 ν’γθιλησεν
884 2459 939 2542 γάρ
952 2460 1041 2535 δεῖξαι
1055 2458 1132 2538 αὑτῷ
1147 2455 1189 2524 ῦτι
1203 2458 1235 2524 οῦ
1249 2459 1365 2526 θῦναται
1379 2460 1542 2542 ἀποδοῦσαι
1558 2455 1629 2544 (sic,
1646 2456 1727 2523 alter
1741 2457 1812 2524 cod.
1827 2455 1882 2546 -ά-)
1898 2460 1976 2527 θεόν.
1992 2459 2039 2526 καὶ

395 2587 466 2671 μετά
480 2585 530 2654 τόν
543 2585 621 2670 λιμόν
634 2585 729 2651 έλθών
743 2585 772 2650 έν
786 2611 820 2668 τη
835 2590 868 2669 γη
880 2585 972 2652 Ἰοῦθα
985 2585 1015 2650 έν
1028 2585 1116 2668 Σαάρ
1138 2582 1186 2650 καί
1206 2585 1309 2652 θανών
1329 2585 1418 2669 έτάφη
1437 2586 1498 2652 έκεῖ.
1518 2583 1566 2651 καί
1585 2586 1684 2652 ἔδωκεν
1703 2587 1787 2671 τέρας
1805 2584 1851 2653 έπὺ
1863 2586 2039 2672 Ἰερουσαλὴμ

396 2709 557 2799 λέγωνὈτε
576 2709 670 2778 ἷθωσιν
686 2715 770 2778 λίθον
788 2716 902 2798 βοώντα
919 2713 1047 2796 οἰκτρῶς,
1069 2713 1164 2798 ἐγγίζει
1181 2711 1214 2780 τό
1233 2713 1323 2787 τέλος·
1345 2709 1392 2780 ῦτε
1410 2710 1440 2777 θὺ
1458 2711 1552 2780 ίόωσιν
1567 2713 1595 2777 έν
1607 2711 1783 2798 Ἰερουσαλὴμ
1795 2712 1892 2780 πάντα
1906 2715 1944 2781 τά
1959 2716 2038 2798 ἔθνη,
2084 2731 2086 2736 ’

395 2839 459 2908 τότε
472 2867 489 2924 η
503 2840 582 2914 πόλις
596 2840 824 2924 έθαφισθήσεται

502 2963 557 3052 (Θ.
580 2967 703 3041 Ἰωνάς
715 2960 749 3052 ἦν
767 2968 798 3032 ίκ
819 2971 868 3052 γῆς
881 2965 1083 3051 Καριαθιαρὺμ
1099 2969 1215 3050 πλησίον
1231 2967 1356 3044 Ἀζώτου
1375 2967 1482 3039 πόλεως
1497 2965 1634 3050 Ἑλλάνων
1652 2967 1728 3032 κατά
1746 2968 1914 3034 θάλασσαν·
1932 2966 1980 3034 καὶ
1999 2969 2038 3033 έκ-

394 3092 533 3181 βρασθεὺς
546 3093 577 3158 έκ
590 3098 640 3160 τοῦ
653 3092 752 3178 κήτους
765 3093 813 3160 καί
827 3093 965 3160 ἀπελθών
978 3096 1017 3168 είς
1023 3093 1129 3178 Νινευη
1143 3091 1191 3160 καὶ
1205 3093 1383 3178 ἀνακάμψας
1396 3095 1435 3168 είς
1448 3092 1498 3178 τίγν
1512 3097 1560 3178 γῆν
1575 3094 1661 3160 αι’ντοῦ
1674 3093 1723 3160 οὑκ
1738 3095 1846 3178 ἔμεινεν,
1863 3094 1937 3162 ἀλλά
1948 3121 2038 3179 παρα-

394 3222 490 3309 λαβών
508 3222 558 3308 τὴν
576 3223 681 3306 μητέρα
702 3221 788 3288 αὑτοῦ
805 3221 956 3306 παρώνησε
973 3220 1023 3306 τὴν
1036 3220 1104 3305 Ἰώρ
1121 3222 1217 3305 χώραν
1235 3219 1398 3305 ἀλλοφύλων
1417 3221 1519 3286 έθνών.
1541 3220 1630 3306 ἔλεγεν
1647 3221 1702 3305 γάρ
1720 3217 1764 3288 ότι
1781 3218 1870 3296 οὑτως
1888 3222 1983 3306 ἀφελοῦ
2004 3221 2037 3288 τὸ

394 3349 497 3424 όνειθός
509 3377 574 3434 μου,
598 3346 642 3416 ὅτι
656 3348 817 3433 ἐψευσάμην
831 3348 1026 3434 προφητεύσας
1044 3347 1120 3414 κατά
1134 3347 1239 3432 Νινευίγ
1252 3353 1302 3432 τῆς
1316 3348 1424 3422 πόλεως
1437 3351 1487 3432 τῆς
1498 3348 1624 3433 μεγάλης.
1638 3342 1672 3432 ἦν
1685 3345 1715 3413 δὲ
1728 3345 1761 3414 τό
1775 3353 1925 3432 τηνοιαῦτα
1936 3349 2039 3422 Ἠλίας

395 3478 511 3562 ἐλέγχων
529 3476 578 3544 τὸν
596 3477 672 3542 οἶκον
684 3475 811 3561 Ἁχαιίβ,
833 3473 881 3542 καί
899 3477 1021 3549 καλεῦας
1038 3474 1116 3558 λιμόν
1134 3473 1178 3540 ε’πὺ
1198 3474 1248 3559 την
1265 3479 1314 3560 γῆν
1329 3475 1433 3560 ἔφυγεν.
1455 3471 1503 3540 καί
1517 3475 1655 3540 ἀπελθών
1668 3469 1728 3559 εὑρε
1741 3474 1791 3560 τὴν
1802 3475 1892 3560 χήραν
1904 3475 1976 3558 μετά
1989 3481 2038 3542 τοῦ

393 3605 453 3670 υἱοῦ
467 3603 565 3688 αὑτῆς,
585 3600 633 3670 καὶ
647 3604 731 3686 ἔμεινε
745 3603 811 3685 παρ’
830 3604 937 3676 αὑτοῖς·
956 3601 989 3668 οὑ
1003 3601 1057 3685 γάρ
1069 3601 1190 3685 ἡθίπατο
1203 3602 1290 3685 μόναν
1302 3601 1374 3684 μετά
1389 3601 1587 3685 ἀπερινμὴτων.
1610 3600 1658 3667 καὶ
1671 3601 1814 3688 εὐλόγησεν
1828 3603 1914 3688 αι’ντίγν
1928 3602 1975 3669 θιά
1988 3601 2038 3686 τήν

394 3733 554 3816 ξενοθοχίαν
573 3731 671 3814 αὑτῆς·
692 3725 725 3814 ίγν
744 3731 799 3815 γάρ
816 3729 957 3814 γινώσκων
976 3727 1062 3813 αὑτὴν
1080 3728 1111 3793 ε’νι
1129 3733 1240 3794 πολλοῦ.
1261 3727 1393 3796 θανόντα
1411 3725 1505 3794 θὺτόν
1518 3727 1578 3796 υἱόν
1592 3729 1678 3814 αὑτῆς
1689 3730 1795 3796 Ἰωνιῖν
1808 3729 1892 3796 πάλιν
1905 3728 2008 3815 ἤγειρεν
2021 3730 2037 3796 ὁ

393 3857 465 3931 θεὸς
479 3856 526 3924 διά
539 3861 589 3924 τοῦ
602 3858 715 3932 Ἠλίου,
729 3857 833 3930 θεικνὺς
847 3855 923 3938 αὑτοῦ
937 3853 980 3922 ῦτι
994 3853 1055 3922 οῦθέ
1069 3855 1171 3922 θανών
1185 3856 1301 3922 θῦναται
1315 3855 1479 3940 ἀποθράσαι
1490 3854 1569 3921 θεόν.
1584 3854 1632 3922 καὶ
1646 3857 1775 3932 ἀναστάς
1787 3857 1892 3931 Ἰωνάς
1903 3857 1975 3940 μετά
1988 3857 2038 3925 τόν

392 3983 470 4067 λιμὸν
488 3979 575 4069 ίγλθεν
593 3986 633 4058 είς
650 3989 699 4069 γῆν
716 3982 826 4051 Ἰοόθα·
849 3987 998 4049 θανοῦσαν
1016 3980 1046 4049 θὺ
1063 3983 1113 4068 τὴν
1131 3985 1236 4068 μητέρα
1254 3982 1340 4049 αὑτοῦ
1358 3981 1458 4066 ἔθαψε
1475 3981 1550 4049 κατά
1569 3981 1619 4068 τὺγν
1636 3982 1702 4050 ὁδόν
1723 3983 1839 4068 ἐχόμενα
1852 3989 1902 4068 τῆς
1914 3983 2038 4070 βαλάνου

393 4111 555 4196 Δεβώρρος.
578 4109 627 4177 καί
645 4111 814 4196 κατοκνήσας
832 4113 861 4177 έν
880 4110 1017 4196 γηΣαάρ
1036 4101 1181 4185 ἀπέθανε,
1203 4106 1251 4174 καί
1269 4108 1359 4194 ε’τάφη
1379 4109 1407 4174 έν
1426 4113 1467 4191 τῷ
1484 4111 1613 4194 σπηλαίου
1626 4114 1776 4188 Καινεζιοῦ
1792 4115 1884 4194 κριτοῦ
1897 4113 2039 4195 γενομένου

391 4243 458 4320 μιάς
477 4243 565 4322 φυλίης
583 4238 613 4304 έν
629 4237 743 4323 ἡμεραις
761 4243 811 4322 τῆς
829 4239 974 4322 ἀναρχίας.
995 4235 1043 4303 καὶ
1062 4239 1146 4303 ἔδωκε
1164 4237 1248 4320 τέρας
1265 4233 1311 4302 ε’πὺ
1322 4235 1506 4322 Ἰερουσαλὴμ
1524 4235 1573 4304 καλ
1591 4237 1632 4321 ἐφ’
1648 4235 1714 4320 ὅλην
1726 4236 1777 4322 τὴν
1795 4241 1855 4322 γην·
1877 4235 1947 4306 ὅταν
1961 4236 2039 4306 ίθωσι

391 4367 475 4430 λίθον
482 4368 594 4450 βοῶντα
606 4366 731 4450 σι’κτροὺς,
742 4366 853 4450 ε’γγίζειν
862 4365 896 4432 τό
907 4366 997 4439 τελος·
1009 4362 1057 4430 καί
1068 4362 1115 4432 ὅτε
1126 4362 1219 4431 ίθωσιν
1226 4363 1410 4449 Ἰερουσαλὴμ
1420 4363 1517 4430 πάντα
1527 4363 1565 4430 τά
1575 4365 1654 4448 ἔθνη,
1665 4361 1709 4432 ὅτι
1717 4393 1734 4449 η
1744 4365 1825 4439 πόλις
1833 4365 1979 4450 ἠφανίσθη
1988 4363 2038 4450 ὅλη

381 4493 445 4567 νέως
454 4490 587 4576 έθάφους,
600 4489 648 4557 καί
658 4493 900 4576 μετατεθὴσονται
909 4493 936 4558 οἱ
944 4493 1023 4558 λίθοι
1033 4491 1119 4576 αὑτῆς
1129 4490 1205 4558 κατά
1216 4490 1322 4574 θυσμάς
1332 4490 1417 4575 ἡλίου,
1429 4490 1488 4556 έκεῖ
1494 4491 1599 4576 έσταιὴ
1609 4492 1791 4577 προσιώνησις
1797 4497 1848 4558 τοῦ
1857 4489 2036 4578 εῧηγψιεὺου.)

496 4625 530 4685 Ζ.
553 4625 590 4686 Ν
592 4620 677 4702 αοὺμ
696 4619 755 4693 υἱός
766 4619 926 4686 Ἐλοιεσαίου
943 4614 977 4704 ἦν
995 4618 1055 4686 ἀπὸ
1068 4618 1162 4703 Ἰεσβη
1180 4621 1268 4702 φυλῆς
1280 4617 1413 4702 Συμεών,
1434 4616 1483 4684 καί
1500 4619 1571 4703 μενά
1590 4619 1639 4686 τόν
1655 4619 1762 4686 Ἰωνάν
1779 4623 1814 4703 τῇ
1831 4625 1942 4702 Νηνευῒ
1955 4621 2038 4702 τείνας
2162 4701 2164 4704 ¹

393 4747 506 4820 έθωκεν,
528 4742 572 4812 ότι
589 4745 644 4813 ὑπὸ
662 4744 775 4812 ὑδάτων
792 4743 841 4812 καὶ
858 4745 946 4831 πυρός
963 4745 1091 4831 ὑπογείου
1109 4745 1263 4812 ἀπολεῖται.
1284 4741 1354 4830 ὅπερ
1370 4742 1419 4812 καὶ
1437 4745 1555 4832 γέγονεν·
1576 4744 1594 4830 η
1615 4745 1670 4830 γάρ
1683 4747 1847 4832 περιέχουσα
1861 4745 1947 4831 ω’ντην
1959 4749 2038 4831 λίμνη

389 4875 537 4939 κατελυσεν
553 4869 625 4958 (sic,
640 4873 761 4938 rectius
777 4871 870 4954 alter)
886 4873 915 4938 έν
932 4877 1047 4957 σεισμοῦ,
1069 4871 1117 4938 καί
1130 4877 1186 4956 πῦρ
1200 4872 1230 4937 έκ
1243 4876 1294 4957 τῆς
1307 4873 1406 4958 ἐρήμου
1420 4873 1537 4958 ἐξῆλθεν
1551 4869 1599 4938 καί
1613 4872 1647 4938 τό
1660 4871 1833 4956 ὑψηλότερον
1848 4873 1934 4957 αὑτῆς
1947 4873 2037 4939 ε’νεπό

388 5025 472 5084 ρησεν
484 5001 573 5085 μόνος.
587 4997 636 5066 καὶ
649 4999 752 5065 θανών
766 4999 856 5084 έτάφη
870 5001 899 5064 έν
913 5004 947 5083 τη
961 5004 996 5084 γῇ
1010 5001 1105 5068 αὑτοῦ.

498 5121 572 5211 (ΙΑ.
594 5135 629 5194 Ν
633 5127 719 5211 αοὺμ
731 5121 764 5212 ἦν
779 5127 838 5194 ἀπό
851 5125 980 5212 Ἑλκεσὺμ
993 5127 1083 5210 πέραν
1095 5131 1146 5194 τοῦ
1159 5126 1337 5212 Βηταβαρημ
1350 5130 1438 5211 φυλῆς
1448 5126 1573 5210 Συμεών.
1588 5119 1670 5200 οὑτος
1681 5125 1753 5209 μετά
1765 5125 1871 5194 Ἰωνοῖν
1883 5153 1918 5210 τη
1931 5129 2038 5213 Nm}

390 5257 473 5338 τέρας
491 5255 603 5330 ἔδωκεν,
625 5251 668 5322 ότι
685 5253 740 5322 ὑπό
757 5253 869 5320 ὑδάτων
888 5251 1073 5338 γλυκέωνκαὺ
1091 5253 1179 5338 πυρὸς
1198 5252 1327 5338 ὑπογείου
1346 5255 1499 5320 ἀπολεῖται.
1526 5251 1542 5318 ὃ
1560 5250 1608 5318 καὶ
1626 5253 1745 5336 γέγονεν·
1766 5251 1783 5336 ίγ
1803 5253 1857 5338 γάρ
1874 5255 2038 5340 περιέχουσα

390 5381 477 5465 αὑτὴν
498 5384 577 5466 λίμνη
598 5383 763 5450 κατάιλυσευ
785 5380 872 5466 αὑτὴν
893 5381 1052 5465 ένσεισμῷ,
1074 5377 1123 5447 καί
1143 5385 1199 5470 πῦρ
1222 5381 1344 5448 ἀνελθὸν
1367 5380 1398 5445 ίκ
1418 5383 1467 5464 τῆς
1490 5380 1588 5464 ίρημου
1608 5378 1642 5447 τό
1661 5363 1833 5464 ὑψηλότερον
1855 5380 1941 5465 αιἰτῆς
1957 5384 2039 5468 μέρος

390 5508 545 5591 ἐνέπρησεν.
562 5509 696 5576 ἀπέθανε
709 5506 740 5574 δὲ
754 5509 783 5576 έν
796 5508 899 5594 α’ρῆνη,
914 5506 961 5574 καί
976 5509 1066 5594 ε’τάφη
1080 5509 1110 5576 έν
1123 5512 1157 5592 τῇ
1172 5537 1205 5594 γη
1221 5505 1329 5595 αὑτοῦ.)
