5284 6620
1988 710 2049 776 109

511 921 549 981 Β.
571 914 643 1000 Περὶ
657 920 707 980 τοῦ
720 915 888 1000 προδρόμου,
910 913 981 980 ὅπου
993 915 1063 998 Ἐγῶ
1078 915 1223 980 ἀποστελῶ
1237 915 1286 980 τὸν
1301 913 1415 1001 ἀγγελῶν
1432 941 1497 996 μου,
1512 911 1560 979 καλ
1578 916 1641 999 ίξής
1659 912 1722 1000 περὶ
1739 918 1788 980 τοῦ
1806 917 1909 1000 κυρῶν,
1933 914 1994 982 Καὶ
2009 920 2049 995 εξ-

407 1044 507 1126 αίφνης
522 1037 608 1126 (οοά.
624 1038 749 1128 ι’ξεφνης)
769 1039 828 1126 ήξει
843 1043 886 1124 Ιει-’ς
898 1041 951 1124 Ιτόν
970 1041 1038 1108 ναόν
1057 1041 1143 1107 αὐτοῦ
1162 1041 1263 1126 κύρως,
1281 1039 1329 1106 καλ
1347 1041 1385 1108 τά
1402 1043 1474 1126 ίξής.
1493 1041 1552 1108 ἀπὸ
1571 1047 1620 1108 τοῦ
1633 1042 1703 1108 Ἰδού
1723 1043 1774 1125 ε’γῶ
1794 1043 1941 1110 ἀποστελῶ
1961 1044 2047 1127 (cod.

406 1167 437 1232 h.
453 1167 473 1232 l.
490 1165 649 1255 ἀποστελῶ)
664 1170 713 1234 τὸν
728 1169 841 1254 ἀγγελῶν
854 1195 915 1252 μου,
929 1171 982 1243 ἕως
995 1173 1045 1234 τοῦ
1060 1165 1121 1234 Καὶ
1135 1169 1236 1244 καθῶς
1249 1169 1287 1236 τά
1302 1171 1348 1253 ἔτη
1362 1169 1400 1235 τά
1414 1169 1581 1253 ἔμπροσθεν.

512 1320 547 1380 Γ.
572 1313 631 1398 Τήν
648 1318 697 1378 τοῦ
715 1312 870 1396 προδρόμου
889 1311 1046 1396 ἀποστολήν
1064 1315 1147 1393 ἐντῶ
1161 1313 1231 1378 τελεε
1243 1315 1312 1397 λε’γει
1325 1310 1373 1378 καὶ
1386 1313 1436 1398 τήν
1450 1311 1602 1397 ἀνάμνησιν
1615 1317 1665 1378 τοῦ
1680 1313 1764 1397 νόμον
1777 1319 1827 1380 τοῦ
1843 1317 1987 1390 Μωυσέως
2001 1307 2049 1382 καί

406 1445 496 1505 ταῦτα
514 1444 628 1524 πλησίον
648 1445 697 1524 τῆς
712 1443 837 1522 κρίσεως,
860 1443 888 1504 ἐν
902 1435 920 1524 ᾗ
939 1441 1124 1505 διαστελλεται
1142 1439 1180 1506 τὰ
1194 1445 1250 1504 τῶν
1264 1445 1391 1524 πονηρῶν
1405 1437 1453 1506 καὶ
1467 1445 1523 1505 τῶν
1537 1440 1667 1525 ἀγαθῶν.
1687 1441 1746 1508 ἀπὸ
1759 1447 1809 1506 τοῦ
1821 1443 1991 1527 Ἐβαρύνατε
2005 1446 2046 1509 ἐπ’

406 1567 453 1650 ἐμὲ
466 1569 531 1640 τούς
543 1568 639 1652 λόγους
651 1566 736 1650 ὑμῶν,
751 1569 804 1641 ἕως
817 1571 866 1632 τοῦ
880 1568 982 1640 τέλους.

1064 1842 1122 1911 ΕΝ
1142 1841 1204 1909 ΤΩ
1224 1842 1396 1911 ΔΑΝΙΗΛ.

510 2009 553 2075 Α.
572 2011 618 2074 Ἐν
632 2012 673 2090 τῶ
687 2009 802 2089 ἐνυπνάρ
816 2013 866 2073 τοῦ
881 2009 1132 2092 Ναβουχοδονόσορ
1146 2011 1281 2074 δείκνυται
1295 2007 1312 2091 ή
1326 2010 1453 2093 βασιλεία
1466 2006 1483 2091 ή
1499 2007 1621 2085 αἰῶνιος,
1636 2002 1681 2074 ε’πλ
1695 2013 1743 2094 γῆς
1757 2009 1964 2096 ἀναστησομίνη
1977 2011 2048 2098 μετὰ

404 2138 457 2212 τάς
471 2137 525 2220 πρὸ
539 2137 624 2220 αύτής
638 2135 833 2220 κατασχούσας
846 2138 998 2220 τεσσαραςί,
1020 2135 1069 2221 τήν
1084 2137 1281 2221 Βαβυλωνιαν,
1300 2135 1350 2222 τήν
1364 2135 1516 2219 Περσικήν,
1535 2135 1584 2221 τήν
1600 2137 1805 2221 Μακεδονικήν,
1827 2137 1876 2222 τήν
1895 2137 2047 2222 Ῥωμαάιν·

405 2263 452 2330 καλ
469 2267 629 2350 βεβαιοῦται
646 2265 738 2329 ταῦτα
756 2267 931 2348 προφητικῶς
947 2261 1003 2328 ἀπὸ
1022 2266 1071 2329 τοῦ
1089 2262 1197 2348 Δανιήλ
1213 2266 1339 2348 λε’γοντος
1351 2263 1501 2346 ’ἀληθινὸν
1519 2263 1553 2329 τὸ
1571 2262 1694 2328 ἐνύπνιον
1712 2261 1760 2328 καὶ
1779 2266 1861 2352 πιστή
1879 2264 1896 2349 ἡ
1914 2267 2049 2354 σύγκρισις

405 2393 499 2458 αύτοῦ.
514 2391 572 2457 ἀπὸ
586 2394 635 2456 τού
649 2387 711 2456 Καὶ
726 2393 754 2455 ἐν
768 2401 831 2464 ταῖς
844 2388 956 2473 ἡμέρας
969 2393 1025 2455 τῶν
1039 2391 1174 2476 βασιλεύειν
1188 2393 1297 2456 ἐκείνων
1311 2390 1461 2474 ἀναστήσει
1474 2387 1491 2454 ὁ
1505 2390 1576 2464 θεὸς
1590 2393 1639 2456 τοῦ
1653 2391 1773 2476 ούρανοῦ
1782 2397 1925 2477 βασιλειαν
1937 2394 1997 2480 ήτις
2009 2401 2049 2472 είς

404 2521 468 2595 τούς
478 2523 588 2594 ἀἰῶνας
602 2519 634 2584 ού
649 2518 885 2603 διαφθαρήσεται,
900 2519 952 2592 ἕως
966 2521 1015 2582 τοῦ
1027 2517 1178 2601 Ἀληθινὸν
1192 2518 1225 2582 τὸ
1240 2517 1363 2582 ἐνύπνιον
1378 2515 1425 2582 καλ
1439 2517 1521 2602 πιστή
1535 2516 1553 2601 ή
1567 2518 1702 2602 σύγκρισις
1716 2519 1810 2584 αὐτοῦ.

512 2670 550 2729 Β.
573 2664 792 2746 Καταρίθμησις
804 2665 860 2726 τῶν
877 2661 1020 2746 τεσσάρων
1038 2665 1183 2747 βασιλειῶν
1201 2663 1256 2727 τῶν
1274 2665 1447 2748 καθολοιῶν,
1469 2659 1517 2727 καλ
1535 2663 1665 2746 πρόρησις
1683 2661 1745 2745 (sic
1759 2663 1791 2727 h.
1805 2661 1842 2752 l.)
1857 2667 1928 2749 μετά
1943 2669 2049 2743 ταύτας

404 2793 625 2875 ἀναστησομένας
638 2793 687 2873 τῆς
700 2785 825 2874 Χριστοῦ
837 2791 978 2874 βασιλεύεις
991 2793 1040 2873 τῆς
1054 2791 1243 2873 δοθησομῶης
1256 2800 1314 2864 τοῖς
1328 2786 1415 2874 ἀγίοις
1428 2786 1482 2854 Ικαί
1497 2790 1672 2874 καθεξούσης
1687 2789 1803 2857 ἅπαντα
1816 2793 1854 2858 τὰ
1872 2795 1957 2878 ἔθνη,
1976 2795 2049 2862 ῶστι

403 2921 586 2990 καθεστῶτος
604 2919 643 2982 ἔτι
660 2921 709 2982 τοῦ
728 2917 830 3000 κόσμου
847 2914 895 2982 καὶ
912 2919 969 2982 τῶν
987 2919 1080 2982 ἐθνῶν
1098 2917 1235 2998 μενόντων
1253 2915 1270 2980 ὁ
1288 2916 1382 3002 σωτήρ
1400 2915 1537 2999 πάρεσται
1555 2914 1603 2983 καὶ
1616 2917 1665 3004 τήν
1678 2920 1821 3002 βασῶεάκν
1835 2922 2047 3006 καταστήσεται.
2084 2949 2085 2954 ’

404 3046 525 3112 ἀπὸτοῦ
534 3044 661 3128 Ἐφριξεν
675 3045 708 3110 τό
721 3044 830 3127 πνεῦμά
842 3071 895 3126 μου
909 3045 938 3109 ἐν
952 3045 986 3128 τή
1000 3045 1054 3121 ἕξει
1067 3071 1128 3128 μου,
1143 3044 1196 3128 ἐγῶ
1211 3043 1327 3128 Δανιήλ,
1341 3045 1394 3118 ἕως
1407 3049 1458 3110 τοῦ
1468 3043 1540 3119 Ἕως
1553 3039 1608 3110 ῶδε
1621 3045 1654 3110 τὸ
1668 3048 1755 3130 πίρας
1769 3051 1818 3112 τοῦ
1833 3049 1922 3134 λόγου.

509 3195 546 3254 Γ.
558 3165 642 3286 W
653 3189 700 3272 ἔτη
713 3189 836 3273 προλέγει
849 3183 866 3254 ό
880 3187 1034 3273 προφήτης,
1053 3187 1169 3273 φάσκων
1186 3187 1258 3271 μετά
1276 3189 1322 3272 ἔτη
1342 3165 1475 3266 λῖῙ-Γ,
1493 3191 1594 3264 ε’ντοῖς
1607 3192 1770 3264 τελευταάκς
1783 3191 1857 3258 ἑπτά
1875 3194 1961 3258 ἔτεσιν
1980 3196 2048 3261 ἀπο

402 3325 517 3383 λεῖσθαι
529 3316 578 3382 τὸν
598 3315 809 3400 Ψευδόχριστον,
824 3311 848 3396 ᾦ
862 3315 911 3381 ούκ
925 3317 997 3381 ἔστιν
1011 3313 1028 3398 ή
1042 3317 1177 3400 βασιλεία,
1197 3317 1369 3382 ἀπολεῖσθαι
1383 3315 1412 3382 δὲ
1424 3316 1495 3399 μετά
1509 3319 1573 3399 τρία
1586 3314 1667 3401 ἥμισυ
1681 3319 1727 3402 ἔτη
1740 3322 1789 3402 τής
1804 3318 1984 3396 ἀνακρούσεως
1997 3329 2048 3388 τοῦ

401 3443 518 3529 Ἰσραήλ.
540 3443 739 3508 ἐπεισελθόντα
753 3445 793 3524 τῶ
808 3443 1058 3526 ἀνοικοδομωιμῶῳ
1078 3445 1139 3523 ναῶ
1149 3439 1197 3508 καλ
1208 3442 1343 3508 ἀνελόντα
1353 3442 1406 3518 τάς
1415 3445 1521 3518 θυσίαις
1531 3441 1579 3508 καὶ
1588 3444 1731 3528 στήσαντα
1741 3447 1879 3532 βδελυγμα
1889 3449 2049 3532 ε’ρημῶσεως

403 3575 487 3652 ἐντῶ
506 3574 577 3651 ναῶ·
602 3565 640 3634 ῶν
659 3571 722 3653 ἑξῆς
740 3567 813 3636 ἐστίν
831 3568 848 3654 ή
865 3571 1041 3654 προειρημεύη
1062 3569 1200 3652 ἀναιρεσις
1218 3573 1268 3653 τῆς
1285 3594 1316 3634 τε
1333 3571 1440 3645 πόλεως
1458 3567 1573 3636 καὶτοῦ
1591 3575 1660 3636 ναοῦ
1679 3569 1727 3637 καί
1744 3573 1882 3659 παντελής
1903 3575 2047 3660 ἐρήμωσις

403 3697 485 3763 ἀτινα
503 3699 635 3781 γενέσθαι
654 3703 698 3762 δεῖ
708 3700 833 3781 Χριστοῦ
851 3699 1068 3782 παραγενομένου
1087 3693 1134 3789 καὶ
1152 3698 1369 3778 κατακρίναντος
1387 3697 1436 3781 τήν
1455 3697 1634 3764 ἀποστασίαν
1652 3695 1701 3764 καλ
1719 3705 1923 3785 καταργοῦντος
1941 3707 1975 3785 τῇ
1988 3706 2047 3770 ἐ’πι-

402 3827 491 3910 φανίᾳ
505 3827 554 3907 τής
567 3826 723 3906 παρουσῶις
737 3823 822 3888 αὐτοῦ
836 3824 884 3890 τὸν
894 3825 901 3846 ’
911 3825 1080 3907 4ντίχριστον
1094 3821 1141 3888 καλ
1155 3823 1335 3907 ἀναιροῦντος
1349 3823 1433 3890 αὐτὸν
1449 3820 1536 3908 (eod.
1549 3821 1641 3911 αύτῶ)
1653 3831 1694 3906 τῶ
1704 3827 1838 3909 πνεύματι
1848 3833 1897 3893 τοῦ
1908 3830 2048 3912 στόματος

404 3951 503 4027 αὐτοῦ,
519 3950 602 4016 καθά
617 3976 698 4035 φησιν
712 3949 729 4014 ό
744 3950 908 4024 ἀπόστολος.

508 4100 544 4158 Α.
569 4093 617 4160 T&
635 4091 697 4178 περὶ
715 4099 765 4159 τοῦ
777 4095 964 4177 Ἀντιγριστου
978 4097 1208 4178 προδηλουμεύσυ,
1227 4093 1267 4168 ῶς
1280 4098 1309 4160 ἐν
1323 4095 1400 4176 τύπῳ
1413 4096 1547 4180 Ἀντῶχφ
1561 4101 1601 4177 τῶ
1617 4098 1771 4176 Μακεδόνι,
1791 4100 1901 4182 ἔχοντες
1918 4105 1968 4184 μίν
1986 4128 2049 4168 τινα

401 4222 487 4286 τύπω
506 4221 693 4304 ε’νἈντιόγφ,
712 4221 787 4288 κατά
801 4222 891 4288 πολλὰ
907 4221 936 4287 δὲ
950 4223 1174 4298 διαλλάττοντας,
1194 4225 1452 4306 ἐπαναστησομύνου
1465 4227 1537 4288 πᾶσι
1550 4223 1706 4309 σεβαομασι
1720 4221 1767 4290 καὶ
1779 4223 1975 4312 ὑποτρέχοντες
1987 4230 2059 4314 σχή-’

401 4373 468 4431 ματι
486 4347 535 4432 τήν
554 4353 603 4414 τοῦ
621 4353 693 4414 θεοῦ
716 4350 852 4434 διαθήκην
875 4348 922 4416 καί
943 4352 1180 4436 παραβαύοντος,
1203 4347 1250 4416 καὶ
1271 4355 1456 4432 πολεμοῦντος
1472 4353 1607 4434 πολεμους
1629 4351 1759 4429 πολλούς,
1780 4359 1948 4438 κρατοῦντος
1968 4363 2050 4440 τριῶν

380 4519 381 4524 1
402 4479 559 4560 βασιλειῶν,
578 4476 738 4560 Αιγύπτου,
758 4478 877 4563 Λιβύης,
895 4479 1070 4554 Αἰθιοπίας,
1085 4479 1235 4552 πάττοντος
1249 4481 1277 4543 ἐν
1292 4482 1326 4562 τή
1338 4479 1472 4564 Ἰουδαύγί
1490 4479 1555 4561 μεθ’
1572 4477 1605 4543 ὃν
1619 4475 1694 4562 καλή
1709 4479 1864 4556 ἀνάστασις
1878 4487 1934 4548 τῶν
1947 4489 2049 4568 νεκρῶν

401 4602 629 4687 προαγορεῦεται,
648 4607 705 4668 τῶν
718 4603 767 4686 μὲν
782 4605 823 4670 ἐπ’
841 4606 968 4688 αισγύνη,
983 4610 1039 4670 τῶν
1054 4603 1084 4670 δὲ
1098 4601 1143 4669 ἐπὶ
1158 4604 1232 4687 δόξη.
1255 4605 1314 4671 ἀπὸ
1328 4609 1377 4672 τοῦ
1392 4602 1454 4670 Καὶ
1468 4605 1657 4690 ἀναστήσεται
1670 4609 1701 4672 ἐκ
1714 4613 1764 4691 τῆς
1776 4609 1852 4694 ῥιζης
1865 4611 1950 4676 αὐτοῦ
1963 4614 2050 4696 φυτὸν

401 4731 554 4816 βασιλεως,
573 4731 626 4804 ἕως
639 4735 688 4795 τοῦ
704 4728 765 4796 Καὶ
780 4732 838 4798 ἀπὸ
853 4738 910 4797 τῶν
924 4735 1036 4798 δικαίων
1054 4737 1111 4798 τῶν
1129 4737 1239 4798 πολλῶν
1254 4731 1292 4806 ῶς
1310 4733 1463 4817 οίάστίρες
1481 4735 1520 4806 είς
1537 4734 1602 4808 τοὺς
1620 4736 1726 4810 αι’ῶνας
1744 4737 1791 4802 ἔτι.
1810 4741 1902 4802 ταῦτα
1920 4737 1950 4803 δὲ
1967 4736 2015 4804 καὶ
2033 4739 2049 4804 ό

400 4857 494 4942 σωτήρ
508 4857 563 4941 πρὸ
579 4861 628 4941 τῆς
640 4858 789 4942 μελλούσης
802 4861 902 4924 ἑαυτοῦ
916 4863 1072 4944 παρουσίας
1086 4860 1202 4943 ἐσόμενα
1217 4861 1405 4946 προαγορεύει,
1420 4858 1468 4925 καί
1481 4859 1530 4945 τήν
1544 4861 1675 4944 λύτρωσιν
1689 4873 1747 4936 τοῖς
1762 4861 1857 4948 ἀγίοις.
1879 4865 1941 4930 τότε
1956 4864 2050 4932 καὶτὸ

399 4985 535 5068 μακάριον
549 4987 629 5058 τελος
642 4987 845 5070 ε’παγγελλεται.
864 4984 925 5071 περὶ
940 4992 989 5054 τοῦ
1008 4988 1256 5072 κολοβοθήσεσθαι
1273 4987 1327 5061 τάς
1344 4985 1447 5070 ἡμέρας
1465 4991 1515 5071 τῆς
1532 4991 1582 5054 τοῦ
1594 4989 1782 5072 Ἀντιχριστου
1800 4994 1954 5074 βασιλείας,
1976 4991 2015 5067 ῶς
2033 4994 2050 5059 ό

399 5113 492 5198 σωτήρ
502 5114 578 5197 λίγει,
591 5119 670 5196 δηλοῖ
676 5109 724 5178 καλ
733 5111 874 5197 όΔανιήλ,
888 5116 1050 5198 ἐξαριθμῶν
1060 5115 1113 5188 τάς
1123 5113 1226 5199 ήμέρας
1236 5119 1292 5180 τῶν
1306 5119 1388 5198 τριῶν
1402 5111 1450 5178 καὶ
1465 5113 1584 5198 ήμισεως
1598 5117 1667 5180 ε’τῶν
1686 5099 1806 5193 W
1821 5115 1869 5182 καὶ
1879 5114 1925 5184 ε’πῖ
1935 5120 2051 5194 ταύταις

400 5241 489 5314 ἀλλας
505 5223 612 5304 ΠΕ
632 5240 758 5306 ἀπὸτοῦ
772 5237 834 5305 Καὶ
854 5240 912 5306 ἀπὸ
930 5245 1026 5322 καιροῦ
1045 5241 1248 5325 παραλλάξεως
1266 5246 1315 5307 τοῦ
1334 5244 1532 5324 ἐνδελεχισμοῦ,
1556 5243 1608 5316 ἕως
1627 5245 1677 5308 τοῦ
1696 5240 1758 5308 Καὶ
1776 5243 1925 5328 ἀναστήσει
1943 5249 1982 5322 είς
2001 5249 2052 5313 τὸν

401 5367 495 5450 καιρόν
509 5393 560 5432 σου
574 5369 614 5442 εἰς
627 5369 782 5433 συντελειαν
797 5367 912 5452 ήμερῶν.
