5284 6620
785 893 857 960 Elz·
1187 891 1269 962 Cod·
1622 891 1693 958 Elz.
2024 892 2105 958 Cod.

620 1023 717 1104 3125
733 1024 834 1105 καρδίᾳ
1025 1021 1075 1104 τὴν
1089 1022 1207 1104 καρδιαν
1860 1022 1910 1090 τὸν
1923 1023 2052 1105 Ἰοιάννην

684 1153 714 1216 τί
724 1149 871 1232 ποιήσομεν
1023 1149 1054 1212 τί
1064 1147 1220 1232 ποιήσαιμεν
1508 1153 1567 1222 ποὶς
1580 1147 1596 1214 ὁ
1611 1147 1681 1222 λαὸς
1695 1147 1766 1232 πρδς
1780 1149 1841 1216 αι’π.
1860 1173 1906 1233 πρ.
1922 1150 1983 1214 αι’π.
1998 1154 2057 1222 πᾶς
2071 1148 2087 1214 ὁ
2102 1151 2174 1221 λαός

621 1273 671 1340 38.
685 1273 831 1358 Πίτροςδὲ
838 1275 890 1359 ἔφη
897 1300 943 1358 πρ.
952 1275 1013 1342 αι’π.
1026 1276 1113 1358 Πέτρ.
1136 1272 1167 1339 δὲ
1186 1301 1233 1358 πρ.
1254 1274 1314 1342 αι’π.
1335 1279 1430 1340 Mna·
1518 1279 1704 1359 Σολομῶντος
1859 1281 2029 1360 Σολομῶνος

1068 1402 1190 1486 νοήσατέ
1199 1427 1282 1485 φησιν
1458 1401 1507 1465 12.
1519 1404 1631 1486 Πίτρος
1859 1403 1876 1470 ὁ
1892 1405 2003 1487 Πίερος

1027 1527 1197 1593 confirmat
1519 1535 1568 1596 τοῦ
1582 1539 1743 1612 περιπατεῖν
1859 1534 1941 1595 τοῦτο
1955 1541 2116 1614 περιπατεῖν

1458 1020 1506 1083 11.
1517 1019 1648 1105 Ἰωάννην

727 1407 836 1468 Μεταν.

685 1528 730 1596 ἐπὶ
744 1535 784 1609 τῷ

685 1656 829 1740 αμαρτιῶν

622 1783 673 1848 39.
685 1781 769 1857 ὅσους

623 1909 674 1975 40.
687 1911 878 1994 διεμαρτύρετο

623 2036 674 2102 41.
686 2037 837 2121 παρεκάλει

687 2164 814 2246 νινε
828 2165 981 2247 ονειι

687 2296 720 2373 τι
735 2290 822 2375 ἡνὲεν

624 2417 675 2480 42.
688 2416 736 2483 καὶ
750 2423 784 2500 τῇ
798 2417 892 2484 κλάσει

624 2545 676 2608 43.
689 2546 793 2629 ἐγένετο

689 2670 781 2736 πολλά
798 2697 828 2736 τε

690 2800 791 2882 ἐγίνετο

625 2925 677 2988 44.
689 2926 793 3000 πάντες
808 2929 841 2990 δι’

627 3052 678 3116 45.
691 3050 739 3118 καὶ
753 3052 791 3119 τά
805 3054 933 3138 κτήματα

625 3178 677 3244 46.
689 3185 808 3254 κλῶντες
821 3183 854 3245 δι’

627 3307 677 3370 47.
690 3312 724 3390 τῇ
740 3308 867 3392 ὐιιιλρσίςι

710 3433 770 3498 ΠΙ.

1027 1683 1084 1722 των
1099 1683 1244 1740 αμαριιιιν
1257 1683 1333 1739 νμιιιν

1027 1783 1198 1876 οοιιβτιιιει

1027 1911 1228 1995 διεμαρτύρατο

1028 2037 1179 2120 παρεκάλει
1194 2033 1296 2109 αὐτούς

1030 2165 1232 2248 ἀποδεξάμενοι

1029 2293 1057 2356 ἐν
1071 2297 1105 2376 τῆ
1118 2292 1207 2377 ἡμέρα

1029 2425 1063 2503 νῆ
1077 2420 1173 2486 κλάσει

1030 2547 1202 2614 confirmat

1030 2673 1121 2740 πολλά
1137 2677 1170 2738 δι’

1031 2801 1201 2865 confirmat

1031 2925 1078 2993 καί
1092 2929 1196 3002 πάντες
1211 2931 1245 2992 δι’

1032 3055 1151 3119 omittit
1164 3055 1201 3120 τά

1031 3183 1149 3246 omittit
1162 3183 1196 3247 δι’

1032 3310 1150 3374 omittit

651 3562 676 3624 1.
688 3559 733 3626 ἐπὶ
743 3561 776 3627 τὸ
789 3561 858 3628 αιἰτδ
869 3559 899 3626 δὲ
910 3563 1021 3644 Πίτρος
1032 3565 1143 3648 Πέτρος
1158 3562 1187 3628 δὲ

689 3689 805 3770 ε’ννάτιγν

648 3815 677 3879 2.
689 3815 761 3900 πρὸς
774 3815 823 3900 τὴν
837 3816 932 3898 θύραν

1033 3690 1217 3773 confirmat3
1233 3689 1328 3756 aliter
1341 3692 1389 3775 10,
1405 3691 1434 3756 3.

1031 3815 1076 3884 ἐπὶ
1090 3817 1140 3902 τὴν
1153 3817 1249 3902 διλραν

1459 1653 1507 1719 13.
1519 1653 1567 1721 καί
1579 1655 1678 1722 Ἰσαάκ
1692 1654 1740 1722 καί
1750 1657 1852 1743 Ἰακώβ
1862 1655 2032 1722 confirmat

1520 1781 1596 1864 ὑιοῑι

1521 1909 1684 1994 ιρμπε.
1698 1910 1784 1977 ..κει

1461 2035 1509 2100 16.
1522 2033 1566 2102 ἐπὶ
1580 2041 1614 2120 τῇ
1629 2039 1719 2104 πίστει

1862 1781 1938 1866 ὑμεῖς
1950 1786 1999 1865 μέν

1862 1910 2026 1994 ἠρνήσασθε

1862 2041 1896 2120 τῆ
1910 2039 2000 2104 πίστει

1460 2164 1509 2229 18.
1521 2189 1606 2248 προφ.
1619 2163 1704 2230 αιἰτοῦ
1717 2175 1793 2230 παδ.
1802 2165 1852 2233 τὸν
1862 2189 1947 2247 προφ.
1959 2175 2034 2230 παθ.
2046 2165 2094 2230 τὸν
2104 2173 2203 2248 Χρισν.
2221 2167 2268 2231 αίι

1523 2290 1649 2374 Χριστὸν

1461 2418 1511 2483 20.
1523 2421 1773 2502 προκεκηρνγμενον

1521 2545 1627 2629 Ἰησοῦν
1642 2547 1766 2628 Χριστόν

1460 2671 1511 2735 21.
1522 2673 1638 2739 πάντων

1524 2800 1572 2864 ἀπ’
1591 2801 1693 2872 αι’ὠνος

1461 2926 1511 2988 22.
1523 2924 1572 3008 μὲν
1588 2927 1642 3010 ιὰο

1525 3053 1596 3136 πρὸς
1609 3053 1674 3127 τοὺς
1688 3057 1814 3138 πατέρας

1525 3179 1676 3264 ἀναστήσει

1526 3305 1542 3374 ὁ
1554 3306 1625 3380 θεὸς
1637 3307 1714 3390 ὑμῶν

1524 3433 1629 3516 ἰνίον

1462 3561 1512 3624 23.
1527 3561 1564 3626 άν

1525 3689 1798 3773 ἐξολεθρευθήσεται

1462 3813 1512 3878 24.
1524 3811 1585 3881 ὅσοι

648 3943 678 4006 3.
690 3943 721 4018 ὃς
736 3943 802 4009 ι’δολν
811 3945 922 4028 Πίτρον
936 3971 960 4008 ιι.
967 3944 1020 4008 Ἰω.
1032 3949 1069 3988 **
1075 3946 1134 4012 ι’δάν
1144 3971 1175 4010 τε
1184 3945 1234 4012 τὸν
1243 3945 1330 4029 Πίτρ.
1346 3974 1370 4012 ιι.
1381 3947 1436 4012 Ἰαι-
1524 3940 1761 4026 προκατήγγειλαν

732 4070 883 4153 μελλόντας
911 4071 1023 4137 εἰσιέναι
1077 4072 1136 4137 άνν.
1147 4071 1276 4136 omissis
1284 4071 1434 4157 reliquis;
1462 4067 1512 4132 25.
1524 4069 1580 4134 οἱοί

733 4199 772 4270 είς
786 4197 819 4263 τὸ
834 4197 905 4281 ἱερὸν

690 4331 784 4410 λαβεῖν

649 4453 677 4514 6.
690 4454 765 4517 εἶπεν
778 4449 808 4515 δὲ
824 4453 935 4535 Πέτρος

1074 4199 1207 4264 *omnia
1223 4200 1341 4262 omittit

1032 4324 1203 4390 confirmat

1033 4451 1203 4516 confirmat

692 4580 791 4664 ίγιιραι
804 4576 853 4643 καὶ
866 4579 1011 4662 περιπάτει
1032 4579 1114 4664 ἔγειρε
1128 4607 1152 4644 ιι.
1168 4605 1259 4662 περιπ.

650 4706 677 4769 7·
690 4704 793 4790 ἦιοοοι

692 4835 723 4898 αἱ
735 4831 831 4917 βάσεις

650 4962 678 5024 8.
691 4958 739 5024 καὶ
754 4962 841 5025 αι’νών

650 5089 679 5148 9.
693 5086 778 5154 αὐτὸν
793 5093 851 5161 πᾶς
865 5087 881 5154 ὁ
895 5089 965 5162 λαός

631 5215 678 5276 10.
690 5239 721 5277 τε

692 5335 773 5413 οὗτοι

1032 4704 1135 4791 ἤγειρεν
1150 4705 1235 4772 αὐτόν

1033 4834 1064 4898 αἱ
1076 4833 1171 4918 βάσεις
1186 4833 1273 4898 αὐτοῦ

1033 4959 1081 5025 καί
1096 4961 1174 5026 αἰνόν

1032 5093 1091 5160 πᾶς
1105 5087 1121 5153 ὁ
1135 5087 1205 5163 λαὸς
1220 5089 1306 5154 αὐτόν

1032 5217 1066 5279 δι’

1035 5342 1119 5415 αὐτός

632 5469 679 5529 11.
693 5473 742 5532 τοῦ
757 5469 889 5541 ίαθὲντος
902 5473 993 5551 χωλοῦ
1033 5469 1118 5534 αιἰτοῦ

1526 4195 1636 4262 διέθετο
1650 4195 1666 4262 ὁ
1681 4197 1752 4271 θεὸς

1525 4323 1602 4406 ἡμῶν

1525 4457 1565 4531 τῷ
1579 4453 1716 4534 σπέρματι

1464 4579 1513 4641 26.
1526 4579 1542 4644 ὁ
1557 4577 1628 4652 θεὸς
1643 4579 1806 4662 ἀναστήσας

1525 4707 1630 4788 Ἰιγσοῦν

1526 4832 1602 4916 ὑμῶν

1547 4958 1604 5022 IV.

1485 5087 1513 5150 2.
1526 5088 1576 5172 τίγν
1590 5087 1619 5150 ἔκ

1486 5216 1515 5278 3.
1529 5215 1628 5280 ἔθεντο

1485 5342 1514 5405 4.
1526 5341 1541 5408 ὁ
1557 5341 1680 5424 ἀριθμός

1527 5466 1592 5532 ὡσεὶ
1606 5469 1725 5552 χιλιάδες

1905 2316 1955 2358 ‘lov

1865 2421 2114 2502 προκεκενωμένον

1865 2543 2036 2610 confirmat

1866 2699 1922 2738 τοιν

1866 2799 1914 2864 ἀπ’
1932 2801 2035 2872 αίώνος
2049 2801 2135 2865 αὐτοῦ

1865 2927 1914 3006 νίν

1867 3053 1983 3116 omittit

1868 3179 2011 3263 άναστὴσρ

1867 3307 2037 3372 confirmat

1867 3434 1978 3517 λαλήσει

1868 3559 1917 3626 ἐάν

1868 3685 2037 3751 confirmat

1868 3813 2038 3878 confirmat

1867 3939 2046 4025 κατήγγειλαν

1868 4069 1894 4132 οἱ
1906 4067 1963 4132 οἱοί

1867 4195 1985 4259 διέθετο
2001 4191 2077 4278 (sie)
2094 4195 2110 4260 ὁ
2127 4197 2195 4267 θεός

1865 4321 1941 4404 ὑμῶν

1868 4448 1897 4513 ἕν
1910 4453 1952 4514 τοῖ
1966 4451 2101 4532 σπέρματι

1870 4575 2040 4640 confirmat

1868 4705 1987 4767 omittit

1869 4829 2039 4894 confirmat

1869 5083 2040 5150 confirmat

1870 5211 2040 5275 confirmat

1869 5337 2038 5402 confirmat

1868 5465 1987 5551 χιλιάδες
