5284 6620
619 703 680 768 102

725 905 817 986 Ques
832 905 920 993 apud
934 914 1061 971 veteres
1078 903 1123 970 de
1139 904 1321 992 epistulis
1336 903 1484 990 Abgsri
1498 905 1586 992 regis
1601 903 1764 970 Edosseni
1779 913 1812 970 ct
1828 902 1975 970 Christi
1993 901 2263 970 circumfereban-

616 1043 682 1118 tur,
707 1055 747 1098 εε
765 1055 786 1098 α
802 1031 951 1098 Cedreno
971 1031 1074 1098 relata
1094 1041 1169 1098 sunt
1186 1032 1324 1098 historio
1340 1031 1462 1098 Christi
1481 1033 1644 1119 exposito,
1660 1033 1702 1100 cf.
1718 1031 1769 1099 cd
1784 1031 1890 1099 Poris.
1905 1053 1980 1120 peg.
1998 1031 2075 1114 1753
2091 1031 2142 1097 ed.
2157 1031 2261 1098 Boon.

616 1185 690 1249 pag.
705 1160 777 1226 308.
826 1159 858 1225 A
879 1159 996 1247 quibus
1021 1183 1120 1248 quum
1142 1161 1221 1227 sotis
1245 1160 1375 1226 differat
1395 1169 1504 1226 textus
1528 1159 1686 1244 chronici,
1711 1162 1808 1226 etism
1829 1159 1917 1226 huno
1938 1156 2125 1225 adscribere
2146 1158 2262 1246 placet,

615 1289 805 1376 praemissis
831 1288 871 1352 iis
900 1309 982 1374 quse
1008 1287 1122 1354 eadem
1149 1286 1319 1354 Cedrenns
1342 1287 1406 1354 alio
1429 1309 1518 1354 nexu
1540 1285 1595 1373 (cf.
1618 1287 1668 1352 cd.
1690 1287 1795 1354 Poris.
1818 1309 1894 1374 pag.
1918 1289 1988 1352 191.
2010 1286 2060 1370 D;
2084 1285 2134 1352 ed.
2157 1285 2261 1352 Bonn.

614 1438 690 1503 pag.
706 1411 794 1502 336.)
815 1423 848 1480 et
867 1416 1030 1502 scripturo
1047 1417 1171 1503 possim
1191 1415 1361 1482 differente
1380 1414 1421 1480 dc
1440 1415 1565 1480 Tiberii
1584 1417 1672 1480 circo
1691 1412 1815 1480 Christi
1833 1414 1991 1480 honorem
2011 1413 2118 1480 studio
2141 1423 2261 1478 narrat.

617 1543 671 1612 Διό
693 1541 741 1608 καί
761 1547 889 1617 Πιλᾶτος
912 1539 989 1628 (hoc
1014 1552 1150 1608 accentu
1171 1544 1242 1630 ipse
1263 1540 1384 1630 codex)
1407 1543 1487 1618 εἶδός
1505 1543 1591 1609 αὐτοῦ
1609 1543 1642 1610 τό
1660 1544 1816 1627 φυλάληθες
1833 1540 1881 1608 καί
1894 1543 2064 1626 φιλοδικαιον
2077 1541 2116 1607 τά
2130 1541 2263 1626 τεράστια

616 1677 742 1754 Χριστοῦ
763 1667 860 1735 πάντα
881 1667 929 1734 καί
950 1670 987 1736 τά
1009 1675 1059 1755 τῆς
1079 1671 1218 1756 εὐσεβείας
1241 1671 1327 1738 αῦτοῦ
1348 1671 1475 1756 δόγματα
1497 1670 1529 1736 δι’
1554 1671 1683 1754 ε’πιτομῆς
1704 1669 1909 1738 ἀνεκοινώσατο
1930 1669 2020 1751 citri,
2042 1670 2145 1743 καθολς
2162 1671 2266 1751 ίστορα·

619 1797 803 1883 Τερτυλιανός
822 1795 838 1864 ό
857 1801 915 1862 νοῦν
931 1796 1094 1882 Ῥωμαῦιοῦν
1112 1799 1204 1882 νόμων
1221 1799 1377 1883 ἐπιστήμων
1395 1799 1424 1863 όν
1442 1803 1476 1880 τῇ
1493 1795 1562 1882 ύπῦρ
1580 1801 1638 1862 τοῦν
1656 1802 1836 1881 Χριστιανῶν
1855 1797 2005 1881 ἀπολογίᾳ,
2029 1795 2135 1873 διεξιόν
2153 1794 2200 1862 καί
2219 1793 2261 1862 ὅτι

615 1925 685 2010 μετά
700 1925 832 1992 θάνατον
847 1923 981 2009 ἀνεβίωσε
995 1922 1043 1990 καί
1056 1923 1107 2008 ἧδη
1121 1923 1202 2006 παρά
1216 1931 1288 1992 πᾶσι
1298 1925 1369 2000 θεὸς
1382 1927 1453 1992 εἶναι
1465 1925 1635 2000 πιστεύεται,
1654 1922 1703 1990 καί
1716 1921 1760 1992 ότι
1777 1927 1901 2009 Τιβεριος
1917 1923 2106 2008 καταπλαγείς
2125 1923 2261 2007 ἀνήγγειλε

615 2053 712 2119 πάντα
726 2049 771 2116 ε’πλ
785 2051 835 2135 τὴν
849 2049 1004 2136 σύγκλητον.
1018 2051 1035 2134 ἡ
1051 2049 1081 2116 δὲ
1094 2052 1126 2118 ού
1140 2051 1300 2136 προσήκατο
1314 2062 1492 2137 πειθαρχεῖν,
1507 2052 1583 2135 νόμῳ
1596 2057 1709 2132 παλαιῷ
1727 2053 1845 2136 λε’γουσα
1858 2051 1895 2136 μὴ
1909 2051 2043 2134 πρότερον
2061 2052 2265 2116 θεοποιεισθαί

615 2207 678 2246 τινα
693 2177 765 2264 είμίγ
779 2177 868 2262 ψὴφφ
882 2176 930 2244 καί
944 2179 1059 2263 δόγματι
1071 2177 1137 2262 παρ’
1155 2179 1240 2262 αῦτῆς
1254 2179 1399 2264 ε’γκριθείη.
1421 2177 1438 2246 ό
1453 2176 1483 2244 δῦ
1496 2179 1545 2246 τόν
1558 2176 1607 2262 μὲν
1621 2179 1705 2262 νόμον
1718 2183 1816 2245 τοῦτον
1831 2179 1956 2256 ε’δίξατο,
1975 2179 2096 2244 ε’κελευσε
2111 2175 2141 2244 δῦ
2157 2179 2260 2260 μηδένα

615 2308 734 2390 όματοδον
748 2307 877 2390 γίνεσθαι
890 2310 940 2371 τοῦ
947 2311 1074 2390 Χριστοῦ
1087 2311 1128 2387 τῷ
1142 2305 1300 2390 κηρύγματι,
1314 2303 1362 2372 κοιλ
1375 2307 1425 2390 με’ν
1439 2332 1468 2392 γε
1482 2304 1529 2372 καί
1543 2306 1675 2372 θάνατον
1689 2308 1890 2390 προσηπείλησε
1903 2316 1962 2380 τοῖς
1971 2315 2131 2390 κατηγορεῖν
2141 2309 2261 2387 τολμῶσι

614 2439 664 2500 τοῦ
677 2433 855 2517 κηρύγματος.
871 2430 943 2498 οῦτω
958 2437 1023 2516 γοῦν
1036 2437 1070 2516 νη
1084 2435 1154 2517 θείρι
1162 2437 1289 2516 Χριστοῦ
1303 2433 1414 2516 δυνάμει
1425 2431 1543 2518 ἀθρόως
1553 2432 1570 2516 ἡ
1580 2433 1716 2516 σύμαιασα
1729 2434 1869 2518 οίκουμελη
1877 2437 1927 2516 τῆς
1935 2435 2011 2516 ἱεράς
2023 2429 2097 2517 (sio)
2108 2436 2158 2498 τοῦ
2167 2431 2259 2514 κηρύγ

613 2587 703 2646 ματος
712 2559 758 2626 διά
772 2565 822 2643 τῆς
834 2563 892 2625 τοῦν
906 2559 1072 2627 ἀποστόλων
1087 2562 1268 2634 διδασκαλιῦις
1281 2559 1467 2644 πεπλήρωται.
1482 2554 1561 2638 ε’ξοῦν
1572 2561 1719 2628 Θαδδαίου
1730 2560 1877 2643 ίνἘδεέιση
1887 2566 1921 2642 τῇ
1931 2561 2009 2628 πόλει
2018 2557 2202 2643 κηρύσσοντος
2210 2557 2259 2625 τὸν

613 2683 740 2774 toron)
756 2684 803 2752 καί
817 2685 835 2752 ό
849 2685 934 2752 ἀνεῖσα
948 2685 1103 2770 τοπάρχης,
1112 2686 1256 2772 Ἀβγαρος
1268 2685 1403 2771 τοῦνομα,
1419 2691 1497 2768 δεινῷ
1512 2687 1603 2753 πάθω
1616 2686 1797 2771 κατεχόμενος
1810 2685 1858 2753 καλ
1871 2685 2068 2772 φθειρόμενος,
2088 2685 2213 2759 ἀκούσας
2226 2683 2258 2750 τό

614 2814 705 2899 ὄνομα
712 2818 838 2899 Χριστοῦ
852 2810 900 2878 καὶ
914 2813 968 2886 τάς
981 2813 1108 2896 δυνάμεις
1121 2814 1276 2898 συμφώνως
1288 2813 1344 2880 ῦπδ
1358 2813 1473 2880 πάντων
1486 2815 1719 2898 μαρτυρουμάας,
1734 2815 1823 2898 ύιίτης
1830 2819 1956 2897 Χριστοῦ
1967 2813 2015 2880 διὰ
2025 2811 2259 2898 γραμματηφόρου

615 2945 732 3027 γίνεται,
754 2941 842 3018 ἀξιοῦν
860 2944 909 3024 τῆς
926 2939 1010 3006 νύσου
1027 2951 1116 3024 τυχεῖν
1135 2941 1313 3025 ἀπαλλαγήν,
1336 2941 1452 3026 γράψας
1466 2942 1513 3007 διά
1527 2967 1601 3015 τινος
1612 2941 1743 3006 Ἀνανίου
1757 2939 1930 3026 ταχυδρόμου
1943 2942 1982 3014 εἰς
1993 2938 2171 3025 Ἰερουσαλὴμ
2183 2939 2258 3004 τάδε.

615 3067 925 3154 ,Ἅβγαροςτοπάρχης
938 3067 1026 3150 Ἰησοῦ
1040 3071 1142 3152 σωτῆρι
1160 3067 1267 3152 ἀγαθῷ
1286 3069 1457 3151 ἀναφανίνπ
1472 3067 1689 3152 ε’νἹερουσαλημ
1705 3070 1817 3152 χαιρειν.
1843 3067 2004 3134 Ἧκουσταί
2013 3095 2060 3152 μοι
2073 3066 2135 3152 περὶ
2148 3072 2200 3134 σοῦ
2213 3063 2260 3132 καί

617 3201 674 3262 τόν
688 3200 746 3262 ocis
760 3193 889 3278 ίαμότων
902 3193 943 3268 οἱς
956 3191 1022 3259 ἀνευ
1036 3193 1193 3278 φαρμάκων
1207 3193 1255 3260 καὶ
1268 3195 1395 3279 βοτάνων
1408 3194 1463 3262 ὑπὸ
1480 3199 1531 3262 σοῦ
1550 3195 1702 3280 γινομένων.
1720 3193 1760 3268 ὡς
1777 3193 1832 3279 γάρ
1849 3195 1937 3280 λόγος,
1957 3195 2077 3279 τυφλούς
2096 3195 2259 3280 ἀναβλύσαι

614 3334 701 3396 ποιεῖς
719 3319 766 3386 καί
782 3321 890 3406 χωλούς
907 3331 1081 3404 περιπατεῖν,
1103 3319 1150 3386 καί
1168 3321 1284 3404 λεπροὺς
1302 3324 1467 3406 καθαρίζεις
1487 3320 1535 3388 καί
1555 3321 1714 3404 ἀκάθαρτα
1734 3322 1880 3406 πνεύματα
1901 3322 2052 3407 ε’κβοΊλεις,
2076 3319 2124 3386 καὶ
2144 3321 2210 3394 τοῦς
2231 3321 2259 3384 ἐν

613 3449 786 3533 μακρσνοσίᾳ
800 3449 1033 3532 βασανιζομεῦους
1045 3448 1212 3534 θεραπεύεις
1225 3445 1273 3514 καί
1286 3449 1398 3532 νεκρούς
1415 3448 1530 3532 ε’γειρεις.
1553 3445 1626 3533 άπερ
1646 3449 1770 3524 ἀκούσας
1788 3449 1863 3515 κατά
1882 3453 1945 3516 νοῦν
1964 3450 2067 3533 ε’θύμην
2084 3453 2141 3514 τοῖν
2160 3447 2208 3514 δύο
2226 3448 2259 3514 τό

613 3578 717 3659 ἕτερον·
739 3572 814 3658 iiio
828 3573 863 3640 οῦ
877 3575 906 3639 εἴ
915 3574 931 3641 ὁ
945 3574 1016 3648 θεὸς
1030 3574 1079 3640 ἀπ’
1100 3574 1219 3656 ούρανοῦ
1237 3575 1380 3659 καταβάς,
1402 3571 1419 3658 ἢ
1436 3573 1495 3649 vide
1512 3575 1644 3660 ῦπάρχεις
1661 3581 1712 3643 τοῦ
1729 3581 1801 3644 θεοῦ
1818 3581 1906 3642 ποιοῦν
1921 3583 2022 3643 ταῦτα.
2047 3575 2094 3642 διά
2111 3580 2194 3641 τοῦτο
2212 3569 2260 3639 οῦν

612 3703 731 3787 γράψας
745 3701 815 3780 ἀξιοῦ
832 3701 926 3766 ελθεῖν
939 3727 971 3767 σε
984 3701 1055 3786 πρός
1067 3728 1101 3784 με
1117 3696 1177 3786 (ita
1192 3699 1311 3786 codex)
1327 3699 1375 3767 καί
1393 3701 1427 3768 τό
1447 3704 1559 3787 συνέχον
1577 3729 1611 3787 με
1629 3703 1729 3778 πάθος
1746 3708 1929 3788 θεραπεῦσαι.
1955 3701 2003 3769 καί
2021 3702 2075 3788 γάρ
2092 3701 2198 3788 ἥκουσα
2216 3699 2258 3768 ότι

612 3828 862 3914 καταγογγύζουσύ
879 3823 968 3914 [σουλ]
983 3829 1111 3895 Ἰουδαῖοι
1124 3826 1171 3894 καί
1185 3829 1335 3914 βούλονταί
1348 3854 1380 3894 σε
1399 3835 1539 3896 κακῶσαι·
1561 3831 1640 3904 πόλις
1658 3831 1692 3895 δι’
1705 3857 1752 3914 μοι
1768 3831 1917 3914 μιιιροτάτη
1937 3832 2023 3906 ἐστίν,
2044 3827 2104 3914 ἦτις
2121 3829 2259 3912 ίξαρκίσει

613 3957 810 4040 &commoto-‘⁴
837 3955 870 4023 ‘0
884 3953 914 4020 di
927 3956 1018 4039 κίρως
1032 3955 1169 4040 ἀναγνούς
1183 3961 1274 4023 ταῦτα
1289 3957 1450 4041 ἀντιγράφει
1463 3956 1534 4042 πρὸς
1548 3954 1633 4024 αῦτόν
1651 3955 1732 4026 οῦτω.
1763 3958 1934 4042 ,Μακάρως
1951 3957 1967 4025 ὁ
1985 3957 2136 4031 πιστεύσας
2154 3958 2182 4022 ίν
2201 3954 2259 4040 ε’μολ

613 4083 667 4149 κάν
681 4081 718 4166 μὴ
733 4082 854 4166 όαίρακίν
868 4109 909 4166 με.
932 4080 994 4166 περὶ
1008 4080 1037 4147 δὲ
1052 4078 1085 4150 οῦ
1099 4085 1229 4168 ἔγραψας
1243 4083 1335 4148 ἐλθεῖν
1348 4109 1382 4166 με
1390 4083 1462 4168 πρὸς
1474 4085 1510 4150 σε’
1519 4079 1601 4168 (ita),
1618 4085 1679 4150 δύου
1692 4083 1748 4152 ε’στλ
1759 4090 1905 4168 πληροῦσα
1916 4083 2013 4150 πάντα
2023 4085 2055 4150 δι’
2069 4083 2259 4166 ἀάπεστάλην

611 4211 743 4274 ἐνταῦθα
757 4207 805 4274 κου’
819 4209 1021 4293 ἀναληφθῆναι
1034 4209 1106 4292 πρὸς
1119 4209 1169 4276 τόν
1183 4209 1392 4276 ἀποστειλαντά
1407 4237 1448 4294 με.
1467 4209 1515 4276 καλ
1533 4208 1621 4285 οῦτως
1640 4211 1787 4278 ἀποστελῶ
1805 4239 1849 4279 σοι
1866 4212 1930 4278 τινά
1950 4209 2026 4297 (sie)
2045 4217 2102 4276 τοῦν
2120 4215 2260 4294 μαθηταῦν

610 4363 676 4418 μου,
696 4332 744 4400 καί
763 4335 877 4402 ι’ἀσεταί
891 4361 941 4401 σου
960 4335 993 4401 τὸ
1007 4335 1119 4410 πάθος,
1139 4333 1187 4400 καί
1202 4335 1274 4421 ζωίγν
1288 4334 1332 4402 σοῦ
1346 4334 1394 4401 καί
1408 4348 1467 4411 τοῖς
1481 4336 1531 4404 σῦν
1545 4335 1589 4404 σοί
1604 4339 1745 4420 παράξει“
1770 4339 1896 4414 Ταύταις
1910 4333 1958 4405 οῦν
1971 4349 2035 4412 ταῖς
2049 4339 2207 4412 ίπιστολαῖς
2220 4337 2259 4404 ἔτι

610 4461 765 4530 καὶταῦτα
779 4466 901 4545 συνῆπτο
920 4468 953 4544 τῦ
974 4467 1030 4528 τῶν
1044 4463 1145 4546 Στύρων
1163 4467 1243 4547 φωνῇ
1261 4466 1409 4530 Θαδδαίου
1427 4463 1588 4548 πράξαντος
1604 4466 1676 4548 μετά
1694 4465 1744 4550 τίγν
1764 4465 1906 4550 ἀνάληψιν
1923 4471 1973 4532 τοῦ
1990 4467 2090 4550 κυρίου.
2117 4464 2151 4532 '0
2168 4467 2259 4530 τοίνυν

605 4589 749 4676 Ἀβγαρος
763 4589 887 4662 ἀκούσας
900 4588 950 4672 τὴν
964 4589 1109 4674 ἐπιστολὴν
1123 4592 1216 4674 κυρίου
1228 4595 1334 4674 μάλλον
1348 4591 1387 4664 εἰς
1400 4591 1496 4657 πόθον
1509 4589 1557 4658 καί
1572 4593 1663 4658 πίττα
1678 4593 1788 4676 ἐξήφθη
1801 4595 1928 4676 μείζονα,
1942 4591 1990 4659 καί
2003 4589 2058 4658 κάν
2073 4591 2101 4656 ἐν
2114 4591 2196 4657 εἰκόνι
2210 4591 2259 4658 τόν

610 4717 737 4802 Χριστόν
750 4716 836 4800 μόνον
849 4716 1022 4782 θεάσασθαι
1034 4719 1098 4782 λίαν
1112 4715 1250 4800 ε’φιίμενος
1265 4717 1427 4784 ἀποστελλει
1442 4719 1589 4803 ζωγράφον
1605 4715 1677 4785 οῦστε
1688 4718 1725 4786 Ιτό
1739 4729 1820 4786 θεῖον
1838 4721 1910 4793 εἶδος
1929 4721 2030 4786 ἐκείνου
2044 4719 2258 4804 διαχαράξαντα

608 4845 680 4928 πρὸς
700 4843 786 4911 αι’τδν
804 4845 922 4927 κομίζειν
941 4843 980 4917 οῦς
994 4845 1122 4926 ταχίστα.
1137 4847 1186 4908 τοῦ
1201 4841 1230 4908 δῦ
1245 4849 1453 4928 διαμαρτῶντος
1469 4841 1546 4932 (sic)
1562 4849 1612 4912 τοῦ
1626 4844 1732 4912 σκόπου
1746 4845 1793 4912 διά
1807 4845 1857 4930 τίγν
1870 4845 2098 4933 ὑπερβάλλουσαν
2111 4851 2161 4912 τοῦ
2174 4871 2257 4930 προσ·

609 4973 687 5037 τύπου
700 4971 781 5055 χάριν
795 4997 825 5035 τε
840 4969 887 5036 καὶ
901 4969 1092 5054 λαμπρότητα,
1108 4969 1193 5044 αῦτός
1207 4975 1247 5050 τῷ
1261 4971 1351 5051 οἰκείῳ
1364 4971 1508 5055 προσώπῳ
1521 4970 1628 5056 ὀθόνην
1643 4971 1751 5046 ίπιθελς
1766 4973 1950 5058 ίναπομάττει
1963 4973 1996 5040 τό
2011 4975 2111 5039 ἑαυτοῦ
2130 4971 2256 5055 ὁμοιωμα

609 5098 656 5165 καί
672 5098 801 5182 ίκπεμπει
815 5103 855 5178 τῷ
867 5099 963 5181 ἐροῦντι
977 5095 1008 5164 τό
1023 5097 1207 5180 ποθούμενον.
1244 5095 1306 5163 Καὶ
1320 5100 1411 5190 μέντοι
1424 5097 1472 5164 καί
1486 5099 1541 5183 πρὸ
1556 5101 1654 5166 τούτου
1667 5101 1751 5166 πάλιν
1765 5101 1906 5185 ἱστόρηται
1920 5099 2069 5176 ὡσαύτως,
2084 5097 2127 5167 ότι
2141 5125 2193 5184 περ
2207 5105 2257 5164 τοῦ

607 5228 700 5309 καρύου
717 5227 866 5308 τεχθέντος
890 5225 919 5290 ίν
940 5221 1075 5307 Βηθλεὲμ
1093 5222 1110 5289 ό
1128 5228 1185 5290 τοῦν
1205 5229 1326 5308 Περσῶν
1344 5225 1471 5310 βασιλεύς
1493 5227 1577 5311 εύφυη
1597 5225 1660 5292 τινά
1680 5227 1826 5312 ζωγράφον
1849 5229 2014 5311 ε’ξεῦιεμψεν,
2041 5227 2073 5302 ὃς
2090 5227 2140 5310 τόν
2158 5253 2188 5292 τε
2206 5227 2256 5292 τοῦ

677 5411 693 5472 ¹)
711 5405 791 5461 Ηεεα
808 5422 901 5460 rerum
918 5407 1081 5462 coniunctio
1100 5406 1236 5478 vulgatas
1252 5413 1379 5463 veterum
1397 5410 1546 5466 traditioni
1561 5427 1661 5482 porum
1679 5411 1819 5467 convenit.
1855 5411 1952 5482 Ipsum
1972 5409 2047 5466 enim
2064 5409 2255 5466 Thsddseum

609 5490 739 5545 Christus
752 5491 789 5544 ad
802 5489 949 5563 Abgarum
961 5491 1073 5562 legasse
1086 5491 1198 5546 dicitur.
