5284 6620
1997 722 2038 788 75

500 925 590 992 Ood.
607 925 733 992 Tisch.
748 925 851 992 XLV.
869 926 1059 992 chartaceus
1074 925 1227 992 foliorum
1241 923 1282 990 86
1297 926 1403 992 forma
1416 925 1446 990 4.
1462 927 1587 991 maiori.
1617 925 1679 990 Est
1692 923 1776 990 liber
1785 926 1867 990 ritus
1878 925 2037 991 Karaitici

392 1055 484 1140 isque
500 1055 639 1140 integer,
654 1055 719 1119 nisi
734 1054 821 1141 quod
836 1055 934 1141 periit
947 1076 1025 1141 pars
1040 1051 1110 1118 folii
1123 1055 1158 1117 in
1173 1051 1280 1120 medio
1296 1051 1379 1119 libro
1395 1054 1503 1140 positi.

499 1179 590 1245 Ood.
607 1179 734 1246 Tisch.
747 1180 866 1246 XLVI.
891 1177 1187 1267 Constatpertibus
1199 1179 1317 1246 tribus:
1333 1181 1462 1246 Prima
1476 1189 1527 1245 est
1537 1179 1690 1246 foliorum
1703 1180 1743 1244 10
1754 1180 1860 1246 forma
1870 1179 1899 1244 8.
1908 1181 2036 1262 minori,

392 1279 561 1374 continens
577 1329 661 1395 quae
680 1307 722 1374 ad
741 1309 823 1374 ritus
843 1309 965 1372 mensis
979 1304 1032 1372 Ab
1051 1309 1223 1394 pertinent.
1261 1306 1437 1374 Secunda
1459 1317 1510 1373 est
1527 1306 1641 1374 folium
1662 1329 1763 1372 unum
1786 1329 1859 1372 cum
1882 1306 2034 1393 precibus

390 1434 601 1522 propheticis.
632 1435 766 1500 Tertia
781 1444 831 1500 θεῖ
846 1435 1066 1501 calendarium
1081 1434 1284 1500 Karaiticum
1298 1436 1332 1498 in
1346 1433 1456 1521 plures
1472 1457 1574 1500 annos
1590 1433 1833 1518 (lusa-1826)
1850 1435 2016 1522 scriptum.

497 1561 588 1628 Ccd.
605 1562 732 1628 Tisch.
747 1561 883 1628 XLVII.
897 1563 1088 1628 chartaceus
1100 1560 1251 1628 foliorum
1265 1563 1304 1626 17
1316 1562 1422 1627 forma
1431 1561 1462 1626 4.
1471 1563 1597 1627 minori.
1620 1561 1854 1648 Fragmentum
1865 1569 1915 1626 est
1926 1564 2034 1648 operis

389 1690 430 1754 de
445 1689 583 1756 historie
595 1690 744 1757 naturali.
780 1691 896 1756 Insunt
909 1689 1004 1777 plura
1019 1691 1220 1756 accuratiore
1236 1689 1343 1754 studio
1360 1688 1467 1775 digna.

496 1815 586 1882 cod.
603 1817 729 1883 Tisch.
745 1817 898 1882 XLVIII.
914 1816 1132 1903 bombycinus
1147 1816 1299 1882 foliorum
1316 1815 1355 1880 16
1369 1817 1475 1882 forma
1490 1825 1618 1903 quarta,
1642 1818 1811 1882 continens
1826 1820 2036 1884 coniectanea

388 1943 564 2011 talmudica
578 1944 723 2011 nondum
737 1943 910 2030 publicata.

1074 2197 1113 2264 G.
1158 2196 1349 2264 PAPYRI.

494 2400 634 2468 Codices
646 2401 679 2466 hi
690 2403 868 2489 papyracei
883 2422 996 2466 omnes
1012 2422 1094 2488 quos
1108 2402 1251 2467 numeris
1259 2400 1372 2466 XLIX
1379 2421 1482 2487 usque
1491 2399 1578 2465 LIV.
1587 2400 1798 2485 signavimus,
1814 2425 1834 2466 a
1848 2398 2032 2467 Garofalo

388 2530 519 2595 natione
539 2528 667 2595 Graeco
683 2531 718 2594 in
735 2527 887 2616 Aegypto
908 2528 1076 2616 superiore
1096 2548 1138 2592 ex
1156 2527 1336 2614 sepulchris
1359 2529 1515 2614 protracti
1538 2537 1626 2612 sunt,
1648 2527 1788 2614 indeque
1803 2537 1879 2615 post
1894 2527 2034 2594 subitam

390 2655 537 2723 Garofali
547 2667 685 2722 mortem
702 2654 870 2722 Osirinum
882 2655 1020 2722 advecti.
1052 2653 1176 2720 Cairini
1186 2654 1265 2720 mihi
1277 2656 1412 2741 contigit
1425 2663 1461 2719 ut
1475 2655 1687 2742 acquirerem.
1715 2653 1832 2719 Redux
1846 2655 1880 2718 in
1894 2657 2033 2742 patriam

388 2787 494 2850 factura
516 2805 677 2849 unacum
699 2783 890 2868 fragmentis
914 2781 1050 2848 Graecis
1072 2805 1120 2846 nr.
1142 2781 1212 2847 LV.
1237 2779 1454 2848 bibliothecae
1475 2783 1697 2848 universitatis
1718 2782 1809 2870 Lips.
1834 2783 1919 2848 dono
1947 2782 2032 2849 dedi.

387 2912 586 2996 Fragmenta
599 2933 678 2976 vero
696 2909 824 2976 Graeca
838 2931 886 2975 nr.
901 2909 971 2974 LV.
987 2911 1142 2994 insignita
1156 2911 1329 2974 maximam
1345 2919 1470 2996 partem
1486 2908 1712 2992 allIariette,
1729 2911 1783 2997 qui
1799 2911 1914 2974 merito
1929 2934 2033 2998 nuper

388 3037 532 3124 Serapco
547 3059 650 3125 prope
665 3037 833 3124 Memphin
847 3039 979 3102 invento
994 3046 1118 3102 tantam
1132 3038 1273 3102 nominis
1292 3035 1512 3102 celebritatem
1530 3047 1645 3102 nactus
1665 3047 1728 3120 est,
1752 3059 1812 3124 pro
1832 3037 1952 3102 eximia
1974 3061 2033 3104 sua

388 3186 467 3249 erga
481 3187 533 3228 me
549 3163 777 3230 benevolentia
791 3165 877 3230 dono
894 3164 973 3228 mihi
988 3163 1066 3230 data
1080 3173 1163 3228 sunt.
1192 3164 1330 3229 Inventa
1345 3173 1437 3230 erant
1450 3187 1553 3252 prope
1569 3163 1762 3230 Sakkaram.

495 3289 613 3357 Oodd.
630 3291 757 3356 Tisch.
773 3291 896 3356 XLIX.
911 3291 950 3356 L.
966 3291 1022 3357 LI.
1037 3291 1110 3357 LII.
1141 3289 1224 3357 Sunt
1238 3290 1422 3376 fragmenta
1435 3289 1770 3379 papyraceaCopta.
1808 3291 1917 3357 Unum
1932 3293 2032 3379 quod·

388 3441 450 3504 que
466 3420 499 3483 in
514 3421 621 3484 forma
634 3417 743 3504 lignee
757 3418 918 3484 inclusum
937 3428 970 3484 et
988 3419 1073 3483 vitro
1092 3420 1252 3484 munitum
1271 3427 1330 3483 est.
1368 3418 1515 3485 Primum
1535 3428 1585 3484 est
1602 3441 1757 3484 versuum
1774 3420 1830 3502 44,
1854 3421 2033 3486 secundum

387 3569 542 3611 versuum
556 3547 612 3629 37,
628 3547 759 3610 tertium
774 3569 928 3611 versuum
943 3546 998 3628 20,
1016 3555 1165 3632 quartum
1179 3569 1334 3611 versuum
1351 3545 1399 3609 13.

494 3672 584 3738 Ood.
597 3672 724 3738 Tisch.
735 3671 825 3738 LIII.
841 3673 1074 3758 Fragmentum
1086 3683 1137 3738 est
1148 3672 1271 3738 codicis
1280 3674 1456 3760 papyracei
1468 3695 1541 3739 cum
1554 3674 1716 3760 scriptura
1726 3672 2032 3762 hieroglyphica.

388 3801 513 3866 Versus
530 3809 705 3887 supersunt
719 3799 900 3866 duodecim.
930 3799 969 3864 In
983 3801 1089 3865 forme
1103 3799 1212 3884 lignee
1226 3799 1387 3864 inclusum
1404 3809 1436 3864 et
1449 3801 1534 3864 vitro
1549 3801 1717 3866 munitum.

497 3924 588 3992 Ood.
604 3925 730 3992 Tisch.
746 3927 833 3992 LIV.
866 3924 981 3992 Codex
997 3935 1048 3992 est
1060 3949 1264 4014 papyraceus
1279 3925 1469 3992 hieratico
1484 3935 1577 3992 textu
1595 3929 1745 4014 scriptus.
1779 3927 2033 4013 Longitudinem

387 4051 487 4119 habet
509 4053 692 4118 cubitorum
716 4053 785 4118 fere
812 4075 880 4118 sex.
934 4052 1121 4118 Dolendum
1147 4064 1198 4120 est
1220 4052 1305 4118 hane
1327 4075 1488 4142 papyrum
1512 4063 1602 4119 tanta
1620 4052 1796 4140 fragilitate
1815 4077 1888 4120 esse
1910 4065 1947 4121 ut
1968 4057 2034 4122 iam

386 4181 543 4267 perierint
556 4178 735 4266 particulae
750 4179 881 4266 aliquot,
897 4202 936 4244 ac
950 4180 1129 4245 verendum
1145 4181 1187 4246 sit
1201 4204 1243 4246 ne
1258 4181 1355 4248 etiam
1369 4179 1480 4268 plures
1495 4192 1639 4268 pereant
1669 4181 1735 4247 Pro
1751 4183 1904 4248 universo
1920 4181 2033 4249 habitu

387 4317 419 4372 et
433 4309 558 4372 ratione
574 4329 725 4392 magnam
741 4306 983 4372 similitudinem
998 4306 1097 4372 habet
1109 4305 1311 4375 voluminum
1323 4331 1583 4397 papyraceorum
1597 4307 1898 4375 Herculanensium.

493 4431 583 4498 Ood.
607 4433 736 4499 Tisch.
760 4434 831 4500 LV.
855 4443 1008 4498 constans
1031 4435 1131 4499 variis
1153 4433 1241 4500 foliis
1264 4437 1410 4522 triginta,
1437 4437 1612 4502 maximam
1636 4445 1763 4524 partem
1789 4437 1896 4502 forma
1918 4447 2034 4524 quarta

386 4561 520 4625 minore.
547 4559 631 4626 Sunt
646 4563 755 4628 omnia
770 4560 920 4627 Graece
936 4563 1068 4648 scripta,
1085 4561 1144 4627 sed
1157 4561 1313 4650 pleraque
1328 4562 1431 4630 altera
1445 4573 1570 4630 tantum
1584 4563 1714 4650 pagina.
1740 4563 1904 4650 Imprimis
1920 4566 2033 4650 gravia

387 4697 462 4751 sunt
485 4688 610 4752 ratione
635 4687 921 4776 palaeographica,
950 4691 1128 4775 scripturas
1154 4691 1240 4755 enim
1261 4690 1330 4755 lere
1353 4689 1539 4776 quindecim
1560 4699 1635 4755 ante
1658 4689 1769 4756 oculos
1796 4699 1935 4776 ponunt3
1961 4691 2032 4778 ipse

385 4823 493 4878 textus
509 4835 575 4880 non
589 4816 700 4900 magni
714 4817 869 4882 momenti
885 4838 958 4882 esse
970 4817 1108 4881 videtur.
1135 4816 1225 4880 Inter
1236 4839 1275 4882 ca
1287 4838 1369 4903 quae
1379 4815 1446 4901 legi
1455 4818 1489 4881 in
1500 4839 1616 4884 vocem
1627 4815 1728 4882 incidi
1739 4822 1936 4902 ῖματιοπωλιω,
1949 4839 2032 4903 quae

386 4940 516 5026 quidem
532 4941 676 5006 nondum
691 4951 802 5008 notata
818 4945 915 5008 estin
930 4942 1063 5026 lexicis,
1080 4965 1276 5030 quamquam
1290 4950 1481 5026 ιματιοπωῖεω
1497 4953 1530 5008 θῖ
1543 4949 1730 5028 permota
1744 4943 1873 5008 habent.

576 5119 661 5184 Huic
686 5119 869 5185 collectioni
898 5120 1250 5206 Manuscriptorum
1276 5119 1714 5186 Tischendorfianorum
1740 5119 1858 5184 addam
1883 5143 1947 5207 ap·
2045 5201 2048 5208 Ι

470 5245 649 5333 pendicis
666 5249 817 5313 nomine
834 5247 990 5312 codices
1007 5257 1094 5313 octo
1110 5247 1220 5330 alios,
1237 5248 1377 5333 quinque
1392 5247 1660 5334 Abyssinicos,
1675 5255 1742 5311 tres
1756 5243 1946 5313 Arabicos

470 5373 704 5458 Drusianos,
728 5375 783 5460 qui
803 5375 932 5460 roganti
950 5373 1029 5438 mihi
1045 5373 1137 5438 adid
1152 5375 1259 5462 ipsum
1275 5373 1361 5438 dono
1378 5373 1444 5439 dati
1460 5383 1547 5458 smrt,
1568 5381 1604 5439 ut
1617 5375 1688 5460 ipse
1704 5395 1817 5438 rursus
1832 5373 1948 5439 biblio·

469 5500 572 5566 thecis
588 5501 760 5567 Saxonicis
777 5500 861 5566 dono
878 5499 999 5565 darem.
1038 5500 1104 5566 Sex
1121 5496 1182 5586 (nr.
1191 5500 1217 5564 I.
1225 5499 1269 5564 II.
1278 5499 1316 5564 V.
1326 5499 1382 5563 VI.
1390 5499 1462 5565 VII.
1472 5499 1576 5580 VIII.)
1589 5499 1776 5565 liberalitati
1791 5499 1947 5566 debemus

1679 5637 1728 5688 10*
