5244 6618
988 1945 1436 2043 PRAEFATIO.

527 2314 588 2380 Hic
613 2315 694 2380 liber
718 2321 886 2399 postquam
910 2335 993 2382 anno
1022 2322 1111 2384 1855.
1135 2318 1272 2401 primum
1297 2319 1402 2384 editus
1429 2322 1513 2398 erat,
1542 2337 1639 2401 quum
1665 2317 1836 2384 transisset
1859 2336 1962 2402 nuper
1988 2318 2028 2384 ad

399 2444 615 2510 Hermannum
637 2438 745 2524 FrieS,
773 2443 876 2532 virum
898 2443 1170 2526 honestissimum,
1199 2445 1320 2527 petenti
1344 2449 1380 2511 ut
1401 2446 1564 2511 iterandae
1588 2445 1720 2512 editioni
1741 2445 1939 2511 consulerem
1963 2463 2027 2512 non

399 2572 536 2637 deeram.
582 2569 768 2635 Consultum
790 2577 897 2636 autem
919 2572 1049 2652 001110,
1072 2575 1192 2638 utnon
1213 2573 1307 2638 modo
1330 2572 1528 2656 praefatione
1556 2573 1660 2640 indice
1679 2573 1814 2655 aliisque
1836 2573 2027 2640 renovandis

399 2699 491 2782 plura
513 2697 594 2764 scitu
617 2697 714 2780 digna
736 2698 930 2765 adderentur
951 2699 1110 2782 variisque
1133 2699 1406 2766 emendationibus
1429 2701 1518 2768 locus
1538 2701 1679 2781 daretur,
1701 2701 1759 2766 sed
1779 2701 1875 2766 etiam
1895 2719 1934 2766 ea
1953 2699 2027 2766 libri

399 2845 488 2908 pars,
507 2825 541 2889 in
559 2844 623 2908 qua
642 2826 682 2891 de
703 2825 863 2891 codicibus
878 2826 1105 2914 insignioribus
1121 2826 1260 2894 nondum
1275 2827 1416 2894 excussis
1432 2827 1548 2910 agitur,
1567 2827 1675 2894 multis
1690 2847 1772 2910 quae
1786 2827 1917 2911 nuperis
1932 2827 2026 2893 itine-

398 2953 486 3019 ribus
506 2951 681 3035 conquisivi
704 2957 886 3036 augeretur.

525 3080 613 3159 Quae
628 3079 710 3147 enim
725 3079 786 3147 hoc
804 3081 962 3148 volumine
982 3081 1193 3160 continentur,
1216 3082 1249 3146 in
1268 3083 1348 3148 duas
1366 3087 1476 3165 partes
1495 3082 1593 3148 dividi
1612 3087 1760 3166 possunt,
1784 3099 1917 3164 quarum
1937 3082 2026 3164 prior
2122 3093 2132 3110 ·

397 3209 430 3274 in
451 3207 668 3274 describendis
691 3227 728 3275 ac
749 3209 868 3292 passim
893 3209 1107 3276 exscribendis
1128 3213 1276 3275 uersatur
1296 3209 1386 3275 libris
1409 3209 1548 3291 antiquis
1570 3227 1641 3275 mea
1664 3227 1763 3292 opera
1787 3227 1827 3274 ex
1848 3208 1972 3274 oriente
1993 3207 2027 3273 in

397 3335 560 3420 Europam
583 3335 739 3416 advectis,
762 3336 864 3402 altera
887 3355 925 3402 ex
944 3336 1040 3403 variis
1060 3339 1210 3420 Europae
1232 3341 1266 3402 et
1287 3335 1418 3403 orientis
1439 3335 1600 3402 codicibus
1623 3342 1775 3420 excerpta
1794 3323 2024 3418 complectitur.

400 3463 486 3542 Quos
506 3463 630 3529 codices
650 3462 757 3546 priore
775 3467 866 3546 parte
882 3464 1065 3546 complexus
1080 3483 1166 3546 sum,
1185 3464 1208 3528 ii
1223 3464 1264 3530 ad
1278 3463 1358 3530 duas
1374 3463 1577 3530 collectiones
1590 3464 1770 3547 pertinent:
1793 3465 1895 3530 altera
1912 3462 2027 3529 itinere

399 3590 547 3657 orientali
566 3609 636 3656 meo
653 3590 792 3656 secundo
808 3589 921 3656 abhinc
936 3609 1035 3657 annos
1052 3596 1123 3658 0010
1139 3597 1338 3674 comparata,
1356 3590 1514 3656 nonnullis
1530 3591 1642 3657 Museo
1657 3589 1840 3657 Britannico
1861 3595 1894 3657 et
1912 3589 2026 3657 biblio-

398 3718 510 3784 thecae
525 3717 719 3783 Bodleianae
738 3716 845 3800 paullo
865 3723 938 3783 ante
959 3719 1073 3798 cessis,
1093 3737 1174 3785 anno
1190 3725 1280 3785 1857.
1296 3723 1431 3784 exeunte
1450 3718 1491 3783 ad
1510 3717 1733 3785 bibliothecam
1752 3718 1831 3800 Imp.
1846 3717 2025 3801 Petropoli-

398 3851 505 3911 tanam
519 3843 660 3923 transiit,
676 3843 726 3910 cui
741 3845 984 3927 locupletandae
996 3851 1091 3927 atque
1106 3845 1313 3912 illustrandae
1328 3846 1409 3911 liber
1419 3845 1503 3911 Baro
1515 3845 1681 3911 Modestus
1692 3844 1797 3925 Korff,
1812 3844 1862 3909 vir
1873 3863 2026 3926 summus,

399 3992 437 4038 ex
456 3975 552 4054 longo
571 3971 634 4036 iam
653 3977 796 4054 tempore
816 3977 905 4038 tanto
925 3990 996 4038 cum
1012 3973 1117 4039 studio
1133 3979 1287 4055 tantoque
1302 3991 1452 4039 successu
1467 3971 1637 4056 prospicit;
1664 3972 1765 4037 altera
1779 3991 1862 4038 anno
1880 3977 1970 4038 1844.
1987 3992 2026 4038 ex

398 4099 520 4165 oriente
540 4101 637 4164 allata
655 4105 830 4182 posteaque
850 4099 1071 4166 additamentis
1092 4107 1199 4182 aucta,
1222 4101 1362 4184 exceptis
1385 4103 1536 4182 quattuor
1557 4098 1646 4165 libris
1665 4098 1823 4165 Dresdam
1842 4099 1962 4180 missis,
1985 4099 2026 4164 ad

396 4225 618 4293 bibliothecam
634 4225 849 4292 universitatis
864 4226 1040 4310 Lipsiensis
1055 4227 1191 4295 transiit.
1228 4226 1321 4293 Prior
1341 4227 1485 4294 collectio
1506 4225 1632 4293 codices
1652 4225 1892 4309 comprehendit
1910 4227 1972 4293 duo
1993 4233 2026 4292 01

397 4353 542 4436 triginta,
558 4353 699 4420 Graecos
720 4354 987 4436 quattuordecim,
1008 4353 1155 4438 Syriacos
1174 4355 1253 4436 duo,
1269 4354 1423 4421 Arabicos
1443 4355 1521 4436 duo,
1541 4353 1767 4420 Rebbaniticos
1787 4357 1820 4419 et
1833 4352 2024 4433 hereticos,

397 4479 554 4547 Hebraeis
579 4481 651 4548 illos
675 4479 803 4564 quidem
823 4480 940 4547 litteris
963 4483 1020 4548 sed
1044 4483 1216 4566 plerosque
1236 4483 1374 4550 Arabica
1397 4482 1507 4565 lingua
1527 4481 1739 4564 conscriptos,
1761 4479 2024 4564 quattuordecim.

397 4607 509 4674 Altera
526 4608 670 4676 collectio
687 4608 812 4675 codices
827 4608 993 4695 sexaginta
1007 4608 1145 4692 quinque
1161 4609 1412 4694 comprehendit,
1429 4609 1570 4676 Graecos
1584 4607 1752 4690 tredecim,
1769 4607 1916 4692 Syriacos
1932 4607 2023 4691 quin·

397 4755 469 4818 que,
485 4735 635 4820 Copticos
656 4735 822 4815 tredecim,
838 4735 991 4802 Arabicos
1011 4740 1093 4816 0010,
1110 4735 1285 4820 Georgicos
1300 4735 1450 4820 quinque,
1465 4735 1686 4802 Hebraeorum
1700 4735 1854 4802 Arabicos
1875 4734 2023 4818 quinque,

394 4882 492 4929 unum
508 4861 788 4946 samaatanumr),
810 4881 1005 4947 papyraceus
1026 4863 1156 4947 Coptice
1175 4863 1424 4948 Hieroglyphice
1444 4863 1566 4930 Graece
1587 4861 1723 4947 scriptos
1746 4881 1802 4929 sex
1824 4881 1895 4928 cum
1917 4862 2023 4928 linteis

296 5057 300 5068 ,
395 4989 581 5073 fragmentis
596 4990 758 5056 Hieratice
777 4989 921 5073 scriptis;
941 4989 1018 5056 item
1032 4990 1237 5074 Abyssinicos
1256 4990 1396 5074 quinque
1416 4995 1449 5058 et
1463 4989 1617 5086 Arabicos
1631 4990 1808 5056 Drusianos
1823 4994 1900 5056 tres.
1937 4989 2022 5067 Qua-

395 5137 466 5184 rum
480 5117 514 5182 in
528 5123 663 5201 utraque
679 5117 863 5184 collectione
879 5117 1004 5184 codices
1020 5118 1186 5184 duodecim
1202 5123 1277 5186 sunt
1291 5118 1501 5203 palimpsesti,
1521 5137 1634 5184 novem
1648 5117 1784 5202 primum
1801 5115 1939 5196 Graece,
1959 5115 2022 5181 duo

394 5244 530 5328 primum
547 5244 676 5329 Syrisce
691 5243 820 5328 scripti;
843 5263 925 5310 unus
942 5264 1016 5310 vero
1033 5265 1071 5311 ex
1091 5244 1276 5328 fragmentis
1292 5244 1505 5330 palimpsestis
1521 5245 1630 5328 lingue
1644 5250 1678 5312 et
1696 5243 1821 5311 ratione
1841 5243 1919 5310 satis
1939 5243 2023 5310 inter

395 5391 431 5438 se
454 5370 589 5439 diversis
611 5371 806 5456 compositus
829 5377 888 5439 est.
931 5373 980 5438 Ex
1000 5371 1131 5439 Graecis
1154 5378 1221 5440 tres
1242 5372 1391 5456 rescripti
1413 5377 1489 5439 sunt
1510 5373 1646 5454 Graece,
1669 5391 1751 5438 unus
1767 5369 1916 5452 Arabiae,
1939 5389 2022 5437 unus

496 5589 524 5656 l)
542 5589 572 5644 Is
589 5589 748 5660 nuperrime
765 5589 896 5646 accessit.
926 5588 1001 5644 Vide
1015 5589 1082 5645 Cod.
1096 5589 1192 5646 Tisch.
1206 5591 1281 5647 LVI.
1296 5589 1324 5644 in
1341 5589 1444 5645 indice.
