5284 6620
611 689 654 758 92

609 898 702 960 ταῦτα
714 893 776 978 ῦμῖν
789 895 927 980 ιαηρῦσσω·
948 893 1073 978 ὁμολογῶ
1087 893 1190 968 ἀδίκως
1205 893 1450 976 καταψεύσασθαι
1465 894 1589 976 Πίτρου·
1611 892 1660 959 οῦκ
1679 893 1736 958 όστι
1754 892 1873 967 πλάνος,
1894 891 1927 958 οῦ
1943 891 2102 975 μιαιφόνος,
2124 889 2157 956 οῦ
2176 891 2250 976 γόης,

609 1017 672 1086 oio&
689 1017 746 1088 ὅσα
762 1019 831 1088 ποτλ
849 1026 945 1106 φαῦλα
963 1019 1024 1105 περὶ
1040 1021 1126 1086 αότοῦ
1139 1019 1241 1105 ἂεχον·
1260 1021 1357 1104 ὀίομαι
1368 1019 1458 1104 ῦμῶν,
1478 1019 1563 1093 αι’πὸς
1577 1019 1630 1104 ίγῶ
1645 1017 1661 1086 ῦ
1674 1023 1724 1086 τοῦ
1738 1017 1809 1104 πρός
1822 1017 1895 1103 ῦμάς
1907 1019 2004 1104 μάιους
2017 1015 2106 1093 αἴτιος
2120 1017 2196 1098 αὐτῷ
2210 1043 2250 1102 γε

609 1147 708 1230 γονάς,
728 1147 883 1216 παῦσασθε
901 1153 1042 1232 μισοῦντες
1061 1146 1157 1214 αῦτόν·
1180 1149 1230 1212 τοῦ
1248 1146 1302 1231 γὰρ
1321 1147 1392 1231 πρός
1410 1147 1550 1230 σωτηρίαν
1567 1147 1670 1230 κόσμου
1689 1147 1870 1230 ε’πιφανίντος
1887 1147 1947 1212 υἱοῦ
1964 1149 2014 1212 τοῦ
2032 1151 2104 1212 θεοῦ
2125 1144 2252 1228 ἀψευδής

608 1273 681 1338 ἐστιν
703 1274 867 1349 ἀπόστολος.
896 1275 938 1342 διὸ
957 1272 1005 1340 καλ
1023 1275 1108 1349 αὐτὸς
1126 1275 1298 1360 συμβουλεῦον
1322 1274 1398 1354 αι’πῶ
1415 1273 1488 1357 ῦμάς
1506 1275 1664 1340 πειθεσθαι
1681 1269 1743 1358 περὶ
1757 1268 1797 1338 ῶν
1811 1274 1949 1357 κηρῦσσει,
1972 1269 2031 1337 ε’πελ
2045 1277 2128 1338 πᾶσα
2141 1271 2218 1356 ὑμῶν
2232 1270 2250 1356 ῆ

607 1399 687 1474 πόλις
702 1399 788 1484 άρῦην
802 1402 955 1468 ἀπολεῖται
997 1402 1049 1467 33.
1072 1403 1103 1467 δι’
1119 1401 1152 1488 ἣν
1167 1398 1197 1466 θλ
1211 1402 1304 1467 αἰτίαν
1317 1399 1379 1485 ῦμῖν
1392 1405 1484 1466 ταῦτα
1497 1399 1675 1485 ῶμολόγησα,
1694 1401 1793 1466 είθίναι
1806 1399 1879 1484 ὑμᾶς
1892 1401 1979 1464 θελοι.
2007 1399 2095 1482 ταῦτη
2112 1403 2156 1482 τῆι
2174 1396 2249 1464 νυκτί

608 1525 722 1611 άγγελοί
731 1555 765 1610 με
779 1535 828 1595 τοῦ
843 1534 913 1594 θεοῦ
926 1530 975 1596 τόν
990 1529 1089 1616 ἀσεβῆ,
1110 1528 1151 1603 ῶς
1165 1527 1269 1613 ε’χθρὸν
1283 1526 1353 1592 όντα
1366 1533 1417 1592 τῶι
1430 1533 1480 1611 τῆς
1494 1528 1632 1611 ἀληθείας
1649 1527 1753 1612 κήρυκι,
1777 1532 1871 1600 δεινῶς
1890 1527 2060 1610 ἐμαστίγουν.
2089 1529 2249 1608 παρακαλῶ

607 1648 655 1718 οῦν
672 1655 732 1738 μηδ’
758 1653 794 1721 ἀν
813 1655 897 1731 αὐτὸς
916 1656 968 1741 ε’γῶ
984 1655 1083 1723 ἄλλοτε
1103 1655 1197 1721 ε’λθῶν
1215 1655 1291 1720 κατὰ
1310 1657 1422 1739 Πέτρου
1440 1655 1565 1739 ἐπιχειρῶ
1583 1655 1668 1738 λέγειν
1691 1653 1874 1738 ἀποθίξησθί
1887 1671 1931 1736 με·
1959 1655 2173 1738 ἐξομολογοῦμαί
2193 1651 2249 1737 γάρ

606 1780 681 1863 ῦμῖν,
703 1781 755 1866 ἰχῶ
769 1784 869 1867 μάγος,
885 1779 938 1868 ε’γῶ
953 1784 1071 1858 πλάνος,
1093 1783 1145 1868 ι’γῶ
1160 1783 1232 1867 γόης.
1255 1781 1329 1848 ἀλλά
1342 1787 1481 1870 μετανοῶ·
1497 1782 1585 1859 ἔξεστι
1599 1781 1652 1866 γάρ
1667 1778 1734 1856 ίσως
1746 1784 1891 1864 μετανοίαι
1905 1781 2061 1848 ἀπολοῦσαι
2075 1780 2113 1846 τά
2126 1805 2248 1864 πεπραγ-

605 1909 675 1989 μίνα
688 1935 735 1991 μοι
748 1909 944 1994 ἁμαρτήματα.
986 1910 1038 1975 34.
1060 1915 1152 1976 ταῦτα
1166 1909 1251 1976 είπῶν
1265 1909 1281 1976 ό
1295 1910 1389 1994 πατήρ
1403 1910 1533 1994 δημοσίᾳ,
1556 1907 1595 1982 ῶς
1610 1909 1639 1972 ἐκ
1657 1908 1809 1993 προσώπου
1823 1911 1953 1992 Σίμωνος
1971 1905 2019 1973 καὶ
2033 1909 2145 1991 Πέτρον
2159 1903 2247 1992 (cod.

605 2031 695 2120 -τρου)
711 2035 871 2122 εὐλογήσας,
886 2037 936 2122 τῆν
949 2043 1047 2104 πᾶσαν
1059 2037 1223 2121 Ἀντιοχέων
1237 2037 1318 2103 πόλιν
1331 2038 1370 2110 είς
1388 2036 1483 2102 πόθον
1496 2038 1644 2119 μετέθηκε,
1667 2033 1714 2100 καὶ
1734 2035 1763 2100 ἐκ
1780 2035 1878 2102 τοῦτου
1897 2035 2001 2108 πάντες
2021 2035 2164 2117 ἐπιθυμεῖν
2183 2033 2248 2098 ι’ίεῖν

606 2162 692 2229 αὐτὸν
711 2164 878 2248 ἐπήγγελλον.
909 2165 996 2238 ε’νίους
1014 2162 1061 2230 καὶ
1078 2167 1301 2249 χαλεπαίνοντας
1319 2163 1395 2244 αῦτηῦ
1416 2163 1456 2236 ῶς
1469 2165 1588 2246 Σίμωνι,
1612 2163 1642 2228 δι’
1663 2161 1696 2247 ἣν
1714 2163 1785 2246 πρὸς
1800 2164 1911 2244 Πίτρον
1930 2163 2002 2247 είχον
2020 2159 2248 2246 ῦπερβοὶλλουσαν

605 2290 733 2374 στοργήν,
756 2289 803 2356 καλ
821 2301 916 2375 χεῖρας
933 2293 1027 2358 θελειν
1046 2293 1183 2378 ἐπιβαλεῖν
1201 2295 1242 2372 τῷ
1259 2292 1396 2358 1λίαῦστωι
1414 2289 1453 2364 ῶς
1471 2293 1586 2373 Σήιοινι.
1616 2290 1658 2357 διὸ
1677 2291 1775 2374 μήπως
1794 2291 1933 2373 ἀναιρεθῆ
1952 2288 2092 2364 θεόοικῶς,
2114 2288 2143 2364 εξ
2162 2287 2249 2372 αῦτῆς

607 2417 701 2482 ἐλθεῖν
715 2419 832 2500 πεμψας
848 2418 926 2501 ῆξίου
944 2418 993 2485 τὸν
1008 2421 1131 2504 Πίτρον,
1153 2415 1232 2492 ὅπως
1250 2419 1335 2485 αῦτάν
1355 2421 1447 2496 ζῶντα
1466 2418 1670 2502 ε’πικαταλάβη,
1688 2415 1736 2482 καλ
1755 2423 1799 2502 τῆς
1816 2415 1894 2484 πόλει
1912 2415 2073 2499 ἀκμαζοῦση
2091 2415 2178 2496 πόθῳ
2197 2419 2248 2480 τῶι

605 2544 676 2628 πρὸς
691 2543 776 2611 αὐτὸν
790 2544 923 2630 είκαίρως
937 2547 1065 2630 ἐπιφανῆ.
1108 2543 1159 2610 35.
1182 2547 1293 2630 Πέτρος
1307 2543 1441 2611 δὲταῦτα
1456 2545 1579 2618 ἀκοόσας
1593 2544 1664 2628 πρὸς
1677 2544 1710 2610 τό
1726 2544 1907 2627 ε’νοιλησιάζειν
1920 2545 2065 2616 πλεάττους
2082 2540 2248 2626 συναγαγών

604 2669 651 2737 καὶ
670 2671 818 2738 ἐπίσκοπα
835 2673 1027 2756 καταστήσας,
1049 2675 1191 2757 βαπτίσας
1210 2671 1301 2738 τεκαὶ
1316 2673 1477 2756 ἰασάμενος,
1498 2671 1606 2756 ῆμερῶν
1621 2672 1761 2755 ε’πιμα’νας
1774 2675 1857 2754 τριῶν
1877 2675 1921 2755 τῆι
1934 2671 2113 2744 Λαοθοιείαι,
2134 2667 2178 2735 ἐπὶ
2196 2667 2247 2754 τῆν

603 2800 718 2880 πλησίον
740 2796 866 2882 ὁρμήσειν
882 2799 1052 2884 Ἀντιόχειαν
1074 2801 1196 2865 ἔσπευσε.
1239 2798 1290 2864 36.
1313 2798 1361 2866 καὶ
1379 2798 1412 2883 δή
1427 2775 1476 2884 τῆν
1494 2799 1574 2865 πόλιν
1587 2797 1769 2882 καταλαβών,
1792 2795 1871 2864 ἀπαν
1889 2797 1922 2865 τὸ
1940 2803 2053 2882 πλῆθος
2065 2791 2246 2880 προσθραμὸν

602 2925 673 3007 μετά
686 2929 779 3008 χαρᾶς
792 2923 944 3003 ε’πεδίξατο
959 2927 1055 3001 αι’πόν,
1075 2925 1115 3000 ῶς
1128 2925 1198 2994 ὄντα
1211 2931 1261 3010 τῆς
1275 2927 1413 3010 ἀληθείας
1426 2926 1530 3010 κήρυκα
1543 2923 1591 2990 καὶ
1610 2925 1775 2991 ἀπόστολον.
1797 2924 2018 3008 προσευξάμενος
2032 2921 2062 2989 θλ
2075 2922 2122 2988 καὶ
2138 2919 2246 2997 ἐπιθείς

605 3053 699 3125 αίτοῖς
713 3050 767 3124 τάς
779 3062 875 3136 χεῖρας
888 3053 1000 3127 πάντας
1014 3052 1079 3127 τοῦς
1092 3059 1187 3127 κακῶς
1202 3054 1317 3137 ἔχοντας
1331 3053 1511 3136 ἐθεράπευσε,
1525 3050 1573 3118 καλ
1588 3053 1637 3118 ἕνα
1652 3052 1722 3119 θεὸν
1736 3053 1765 3117 ἐν
1779 3049 1866 3135 τρισὶν
1879 3050 2065 3118 ῦποστάσεσιν
2074 3051 2246 3135 εὐαγγελισά-

603 3205 683 3262 μενος
697 3175 849 3244 καὶπολλὰ
864 3179 980 3256 όιθάξας
994 3179 1095 3253 αῦτοῦς
1108 3178 1171 3264 περὶ
1184 3183 1349 3264 μοναρχίας,
1372 3180 1443 3264 πρὸς
1460 3180 1510 3264 τῆν
1528 3181 1621 3257 ξενίαν
1640 3179 1778 3262 ἀπήειμεν.
1809 3179 1889 3263 γνοῦς
1908 3176 1939 3243 δὲ
1957 3178 1973 3245 ό
1991 3179 2084 3262 πατήρ
2101 3177 2178 3262 ήμῶν
2196 3176 2246 3262 τήν

602 3307 759 3388 παρουσίαν
779 3309 828 3370 τοῦ
851 3305 1022 3381 ἀποστόλου,
1045 3306 1231 3390 προσδραμάν
1251 3310 1418 3390 κατεφίλησε
1438 3307 1476 3372 τά
1498 3305 1556 3391 ίχνη
1578 3307 1675 3381 αὐτοῦ,
1696 3309 1871 3390 παρακαλῶν
1892 3305 1977 3372 αῦτὸν
1997 3311 2092 3390 λαβεῖν
2115 3303 2147 3370 τὸ
2168 3303 2246 3389 ἅγιον

601 3434 754 3518 βάπτισμα,
769 3429 847 3505 ὅπως
861 3431 894 3497 τὸ
910 3433 1028 3517 ἀρχαῖον
1042 3435 1144 3508 κάλλος
1158 3439 1207 3518 τῆς
1221 3439 1313 3518 ψυχῆς
1327 3432 1375 3500 καλ
1389 3434 1438 3520 τήν
1452 3433 1560 3518 μορφήν
1574 3437 1623 3498 τοῦ
1637 3434 1767 3517 σώματος
1781 3431 1849 3516 ὁμοῦ
1863 3432 1910 3498 aa&
1924 3437 1973 3497 τοῦ
1993 3431 2073 3516 ἁγίου
2089 3434 2246 3516 βαπτισμο-

1459 3615 1529 3684 aia&
1540 3621 1623 3684 ίιιείνῳ
1634 3619 1734 3685 Σίμωνι
1746 3616 1808 3670 ὄντι.
1826 3615 1926 3686 Pergit
1934 3615 2026 3670 Hom.
2037 3615 2081 3669 διὸ
2089 3615 2136 3682 τῆν
2143 3635 2188 3685 πρ.
2197 3617 2245 3668 Πί.

1458 3700 1548 3772 ῦπερβ.
1558 3721 1647 3769 στοργ.
1659 3722 1681 3754 ιι.
1691 3709 1781 3771 χεῖρας
1792 3717 1884 3772 usque
1895 3705 2011 3770 Σίμωνι,
2022 3700 2111 3771 Ερίί.
2123 3716 2191 3754 vero
2202 3699 2245 3752 διὰ

651 3616 693 3671 33.
705 3615 786 3669 Ηεεο
797 3632 895 3670 rursus
912 3616 1001 3671 multo
1019 3617 1111 3688 magis
1128 3633 1193 3670 cum
1204 3617 1287 3672 Hom.
1300 3633 1386 3688 quam

601 3717 666 3754 cum
677 3699 754 3770 Epit.
767 3700 939 3754 conveniunt
958 3707 987 3754 et
1002 3701 1142 3756 eiusmodi
1157 3707 1224 3756 sunt
1234 3703 1311 3756 unde
1325 3719 1385 3758 cor·

599 3787 677 3857 rigas
689 3783 876 3841 Homiliarum
889 3790 1006 3840 textum.
1023 3785 1115 3842 Hom.
1129 3787 1146 3840 l.
1159 3787 1177 3843 l.
1189 3787 1278 3856 Epit.
1291 3787 1309 3841 1.
1322 3787 1340 3840 l.
1353 3787 1383 3840 δι’

599 3871 630 3938 ῆν
646 3873 673 3924 (λλ
687 3903 704 3912 -
716 3904 730 3914 -
748 3873 817 3924 θέλω
834 3869 918 3939 (Epit.
930 3886 982 3939 pro
1000 3870 1057 3925 his:
1081 3870 1145 3926 ὅτου
1164 3876 1189 3926 θλ
1205 3873 1282 3942 χάριν
1297 3877 1385 3943 εἴρηκα

598 3959 698 4019 ταῦτα,
716 3959 760 4008 καλ
776 3958 855 4008 τοῦτο
873 3953 940 4024 ιἰμῦς
957 3959 1049 4010 είιλίναι
1063 3957 1210 4027 βούλομαι).
1226 3958 1325 4026 ταύτης
1339 3961 1385 4026 τῆς

600 4041 689 4100 νυκτός
706 4039 765 4111 (Ep.
777 4039 859 4110 ταύτῃ
871 4040 922 4111 γάρ
932 4061 957 4094 τ.
969 4046 1001 4105 ν.)
1018 4073 1035 4084 -
1050 4047 1126 4096 -τοῦ
1140 4043 1224 4112 (Ερίί.
1237 4043 1303 4114 om.)
1316 4047 1384 4096 θεοῦ

600 4160 613 4170 -
626 4159 641 4167 -
652 4125 770 4179 λπελθολν
783 4124 845 4195 (Ep.
857 4130 924 4191 λλθ.)
938 4161 952 4170 -
963 4157 980 4168 -
991 4129 1121 4197 ἐπιχειρῶν
1132 4131 1194 4192 λίγω
1207 4128 1306 4194 (multo
1323 4144 1383 4182 rec·

598 4211 657 4265 tius
666 4211 717 4280 Ep.
730 4227 793 4264 cum
806 4211 930 4282 nostro),
944 4211 981 4279 μή
993 4211 1054 4281 (Ep.
1068 4217 1131 4278 om.)
1143 4245 1159 4254 -
1172 4245 1185 4256 -
1196 4214 1243 4278 ίγι)
1256 4213 1339 4282 (Epit.
1352 4212 1384 4272 ὡς

598 4296 656 4361 ίγῶ)
672 4295 756 4365 μάγος
771 4326 784 4338 -
798 4327 814 4336 -
827 4293 894 4348 ἀλλά
906 4299 1025 4364 μετανοῶ
1037 4295 1118 4362 (haee
1131 4297 1214 4352 Hom.
1228 4298 1302 4351 male
1315 4315 1382 4363 om.;

599 4381 713 4436 omnino
726 4379 879 4434 inserenda
891 4386 980 4444 sunt)·
992 4385 1073 4440 ίειστι
1084 4413 1099 4422 -
1112 4417 1125 4426 -
1135 4381 1268 4434 ἀπολῦσαι
1278 4383 1383 4451 (potius

599 4484 663 4521 eum
678 4471 777 4520 nostro
797 4465 891 4520 scribe
907 4465 1063 4532 ἀπολοῦσαι)
1079 4465 1114 4519 τά
1130 4487 1315 4537 προπεπραγμ.
1334 4467 1384 4532 [iia

597 4549 699 4605 melius
717 4553 825 4615 nostro)
841 4571 888 4619 μοι
904 4549 950 4620 ἀμ.
968 4556 1105 4615 (extrema
1121 4551 1197 4622 Epit,
1210 4553 1266 4605 sie:
1284 4555 1317 4611 εξ.
1328 4573 1353 4617 γ.
1365 4558 1383 4604 1.

510 4687 513 4698 ,
596 4657 653 4706 μετ.
665 4655 712 4704 μοι
722 4633 756 4687 τά
768 4638 849 4694 κακῶς
860 4655 992 4706 πεπραγμ.
1003 4657 1050 4706 μοι
1060 4635 1281 4708 συγχωρηθῆναι).

646 4721 688 4776 34.
699 4719 791 4790 Epit.
809 4717 895 4774 CXL.
911 4725 998 4774 ταῦτα
1013 4725 1064 4774 είπ.
1080 4753 1096 4762 -
1112 4753 1128 4763 -
1144 4719 1159 4790 ii
1176 4720 1208 4781 ῶς
1224 4755 1240 4764 -
1256 4754 1272 4764 -
1288 4725 1323 4781 είς
1338 4720 1384 4775 τόν

596 4808 691 4859 ίιιείνου
705 4805 774 4858 πόθ.
790 4825 847 4874 μετ.
871 4805 914 4860 Cf.
928 4806 966 4861 ad
982 4805 1054 4860 haec
1065 4805 1149 4860 Hom.
1161 4806 1232 4876 XX,
1249 4808 1290 4863 23.
1303 4810 1357 4866 πῶς
1369 4805 1383 4860 ὁ

595 4891 682 4962 πατὴρ
698 4892 838 4960 δημο[σίρ]
850 4889 933 4944 αὐτοῦ
946 4895 1049 4962 μορφῆς
1065 4895 1212 4963 κατηγορῶν
1223 4895 1324 4959 Πέτρον
1339 4891 1384 4945 εῦ-

596 4980 678 5042 λσγῶν
691 4975 739 5044 τήν
753 4979 820 5030 πάσ.
834 4975 902 5030 'Am
918 4997 947 5032 π.
963 4980 998 5036 είς
1014 4971 1083 5031 πόθ.
1098 4997 1155 5047 μετ.
1179 4977 1277 5032 Verba
1293 4981 1336 5029 καὶ
1356 4983 1382 5030 λιι

596 5078 687 5134 usque
703 5061 793 5133 ίπήχγ.
811 5061 1060 5131 (111Ερ11.κ.παίπ.
1076 5067 1215 5131 ίπιθιιμεῖν
1229 5061 1312 5115 αὐτοῦ
1328 5065 1382 5116 δεν-

595 5151 642 5206 νῶς
658 5151 751 5212 ίλεγον)
767 5147 941 5216 respondent
959 5147 1004 5201 his
1021 5149 1050 5201 in
1062 5147 1144 5202 Hom.
1155 5147 1225 5215 XX,
1236 5148 1282 5202 23:
1300 5151 1345 5200 ναὶ
1355 5153 1381 5200 ίκ

594 5253 619 5285 τ.
630 5231 733 5291 πάντας
743 5233 881 5301 ἐπιθυμεῖν
893 5231 952 5286 ait.
965 5236 998 5286 λθ.
1008 5233 1167 5303 ἀπήγγελλεν
1176 5231 1380 5298 (ἰλαοᾶλλεθεε.

596 5318 647 5371 sed
665 5317 727 5387 ipse
745 5317 836 5372 codex
853 5321 963 5383 -γε11ο).
999 5317 1168 5390 Sequentia:
1190 5318 1271 5376 λνίους
1288 5335 1380 5391 usque

594 5407 693 5472 Σίμωνι
710 5401 796 5472 plane
814 5418 878 5456 eum
894 5401 987 5456 Hom.
1002 5403 1188 5470 conveniunt;
1209 5401 1298 5473 Epir„
1312 5419 1379 5458 vero

595 5491 655 5540 ίνισι
670 5489 696 5540 iii
712 5491 755 5540 καὶ
769 5489 970 5554 χαλεπαίνοντες
986 5487 1056 5556 αὐτῷ
1071 5478 1138 5556 ῆσαν
1156 5490 1252 5556 δῆθεν,
1270 5485 1313 5540 οἶά
1330 5505 1379 5558 περ

1457 3786 1488 3841 τό
1501 3786 1663 3857 ὑπερβάλλον
1672 3791 1718 3854 τῆς
1729 3791 1788 3855 περὶ
1799 3785 1845 3839 τόν
1856 3788 1903 3839 m.
1915 3789 2038 3856 στοργῆς,
2050 3789 2094 3838 καλ
2104 3793 2168 3856 χεῖρ.
2178 3790 2245 3852 ίντιβ.

1456 3878 1612 3942 ίπεχείροον.
1634 3871 1705 3926 inde
1723 3888 1741 3926 11
1757 3871 1796 3924 11ιό
1807 3871 1899 3940 μήπως
1910 3887 2003 3944 usque
2014 3875 2122 3943 ίπιφανῆ
2134 3871 2170 3924 ad
2185 3885 2244 3924 ver·

1457 3957 1524 4011 bum
1542 3957 1674 4012 convenit
1691 3956 1786 4012 Hom.
1802 3955 1858 4010 nisi
1875 3956 1953 4027 quod
1973 3956 2108 4009 δεδοικότα
2129 3960 2158 4009 et
2176 3958 2245 4024 πίμ-

1456 4059 1547 4110 φανεα
1563 4042 1653 4101 ἀξιοῦν
1671 4041 1766 4096 habet„
1790 4041 1878 4096 Vario
1892 4041 1978 4096 modo
1992 4041 2089 4096 differt
2100 4040 2189 4111 Epit.
2201 4045 2245 4092 καὶ

1456 4127 1485 4186 ῦς
1500 4127 1536 4196 μῆ
1552 4126 1613 4196 παρ’
1632 4126 1716 4180 αίντῶν
1729 4127 1814 4194 ἀναιρ.
1827 4125 1945 4185 δεδοικώς
1958 4161 1971 4171 -
1985 4161 1999 4170 -
2011 4128 2143 4180 ίπιπαταλ.
2156 4127 2244 4188 ζῶντα,

1456 4217 1500 4265 καλ
1512 4211 1605 4280 ἀεμαζ.
1616 4216 1652 4280 τῷ
1664 4231 1707 4280 πρ.
1720 4210 1779 4264 ain.
1790 4211 1859 4264 πόθ.
1870 4214 1902 4283 τῆ
1913 4211 1974 4265 πόλ.
1985 4210 2036 4264 εία.
2048 4217 2118 4282 ίπιφ.

1507 4297 1548 4350 35.
1562 4297 1655 4351 Hom.
1668 4297 1686 4350 1.
1698 4297 1717 4351 1.
1729 4296 1819 4366 Epit.
1833 4295 1881 4349 1.1.
1894 4299 1941 4350 Πί.
1957 4299 1984 4350 «λλ
2000 4301 2087 4350 ταῦτα
2105 4297 2168 4367 (Ep.
2180 4296 2243 4349 τοῦ-

1454 4387 1514 4448 των)
1533 4415 1549 4424 -
1566 4415 1580 4426 -
1598 4401 1724 4446 συναγαγ.
1742 4381 1804 4449 (Ep.
1817 4382 1860 4437 ed.
1874 4380 1961 4448 ἀγαγ.)
1979 4404 2001 4434 ιι.
2017 4388 2057 4436 ίπ.
2074 4383 2135 4452 (Ep.
2148 4389 2189 4434 ίπ.
2205 4385 2242 4446 τε)

1455 4486 1564 4520 καταστ.
1578 4467 1670 4532 (Ηο111.
1683 4473 1709 4518 en
1720 4469 1770 4518 τῶν
1781 4465 1938 4520 ἀκολούθων
1949 4473 2015 4533 κατ.)
2033 4473 2114 4535 βαπτ.
2128 4471 2172 4518 καὶ
2189 4471 2242 4520 λασ.

1455 4551 1519 4622 (Ep.
1531 4556 1574 4604 καὶ
1592 4552 1683 4618 λασάμ.
1695 4551 1808 4611 πολλοῦς
1824 4557 1868 4605 καὶ
1879 4555 1970 4620 βαπτ.)
1981 4550 2081 4623 ῆμερῶν
2093 4551 2155 4622 (Ep.
2168 4551 2243 4622 -ρας)

1455 4639 1495 4690 ίπ.
1507 4639 1583 4707 τριῶν
1595 4637 1656 4706 (ΕΡ.
1668 4641 1744 4706 τρεῖς)
1758 4669 1771 4680 -
1784 4669 1796 4680 -
1808 4641 1923 4692 ίσπευσε.
1943 4636 2016 4702 (Hae
2028 4653 2099 4692 voce
2112 4637 2242 4692 termina·

1456 4727 1504 4776 tur
1515 4721 1757 4790 editioDresselii,
1770 4723 1821 4776 ned
1830 4721 1960 4778 nonnihil
1970 4723 2071 4777 deesse
2079 4739 2113 4776 ex
2122 4721 2158 4777 iis
2168 4737 2243 4794 quae

1455 4806 1486 4860 in
1498 4805 1573 4876 Epit„
1586 4807 1655 4860 etin
1667 4805 1795 4878 Recogn.
1808 4813 1966 4878 sequuntur
1978 4807 2116 4862 credibile
2129 4805 2178 4872 fit.)

1504 4891 1546 4946 36.
1563 4890 1587 4944 E
1593 4892 1652 4962 pit.
1670 4889 1769 4944 CXLI.
1787 4926 1800 4936 -
1812 4924 1829 4934 -
1840 4925 1856 4934 -
1873 4891 2055 4960 ὑπολαβόντα,
2070 4892 2102 4946 τό
2118 4895 2162 4944 πλ.
2179 4911 2243 4945 σον-

1455 4979 1532 5046 ίραμ.
1544 4975 1617 5029 ἅπαν
1627 4997 1655 5045 μ.
1666 4997 1728 5046 χαρ.
1742 4975 1785 5031 ivn.
1797 4976 1829 5037 ῶς
1840 4980 1886 5045 τῆς
1897 5009 1913 5019 -
1926 5011 1940 5022 -
1952 4981 1996 5032 καλ
2002 4986 2092 5047 χεῖρας
2101 4976 2159 5031 αὐτ.
2169 4979 2243 5030 ίπιθ.

1453 5093 1469 5103 -
1482 5095 1496 5106 -
1507 5061 1633 5128 λθεριίπ.,
1645 5062 1689 5114 ίνα
1701 5081 1727 5114 τε
1739 5061 1805 5116 θεόν
1817 5097 1831 5107 -
1843 5095 1860 5104 -
1869 5070 2023 5133 μοναρχίας.
2038 5061 2095 5116 εἶτα
2106 5062 2172 5133 πρὸς
2183 5083 2206 5115 τ.
2219 5067 2242 5122 ε.

1453 5145 1501 5198 ἀπ.
1513 5167 1551 5210 γν.
1565 5149 1591 5199 (λλ
1602 5144 1616 5199 ό
1628 5150 1707 5216 γίρωι·
1718 5145 1759 5200 ότι
1770 5149 1817 5201 m.
1828 5151 1928 5219 παρῆν,
1944 5151 2093 5219 προσόραμ.
2105 5147 2198 5200 λαιιτόν
2213 5167 2243 5201 τε

1452 5235 1483 5304 τῆ
1502 5235 1534 5303 γῆ
1553 5233 1779 5301 προσκαταλαβολν
1798 5232 1832 5286 τά
1853 5239 1948 5286 ἐκείνοιν
1970 5233 2152 5301 κατησπάζετο
2177 5237 2242 5300 ίχνη,

1452 5315 1531 5376 ἀξιῶν
1546 5319 1582 5385 τῷ
1597 5322 1662 5386 θείῳ
1677 5321 1847 5386 τελεωθῆναι
1857 5323 2035 5387 βαπτίσματι,
2053 5316 2117 5372 ῶστε
2134 5317 2165 5371 τό
2182 5317 2243 5388 άρχ.

1451 5422 1479 5455 τε
1491 5405 1537 5471 τῆς
1549 5418 1579 5471 ψ.
1591 5401 1663 5455 κάλλ.
1679 5435 1695 5444 -
1708 5435 1725 5445 ·
1741 5404 1862 5473 σώματος
1877 5401 2023 5470 ἀπολαβεῖν
2039 5401 2083 5456 διὰ
2097 5407 2147 5456 τοῦ
2161 5408 2246 5470 βαπτ.

1452 5493 1496 5541 καὶ
1507 5487 1624 5546 κοινωνός
1635 5508 1659 5542 τ.
1672 5487 1732 5559 ἀχρ.
1742 5492 1868 5552 γενέσθαι
1879 5491 1927 5540 τοῦ
1939 5492 1988 5558 Χρ.
1998 5509 2077 5558 μοστ.
