5244 6618
1002 774 1181 837 CODICES
1204 777 1370 840 GRAECI.
1978 779 1999 842 9

360 975 544 1058 uncialium,
569 975 624 1076 qui
646 973 708 1040 soli
729 982 869 1041 aetatem
892 973 1046 1060 tulerunt,
1069 977 1290 1042 tantummodo
1312 985 1379 1042 tres
1402 977 1519 1044 horum
1539 975 1685 1042 locorum
1708 987 1832 1044 textum
1856 979 1996 1046 tradunt.
2027 1019 2029 1022 ·

361 1101 485 1168 Textus
501 1111 609 1168 autem
626 1100 742 1168 horum
761 1103 1016 1188 fragmentorum
1035 1105 1175 1190 optimae
1189 1113 1286 1169 notae
1302 1113 1360 1169 est.
1403 1104 1455 1169 Ita
1469 1103 1546 1168 folio
1562 1105 1667 1191 primo
1682 1105 1712 1188 3,
1728 1105 1841 1170 8-14.
1857 1104 1908 1172 bis
1924 1124 1998 1172 cum

361 1229 474 1295 codice
492 1227 714 1294 Alexandrino
734 1229 826 1294 facit:
848 1253 879 1294 v.
902 1230 950 1294 10.
971 1230 1110 1315 γενήματα
1132 1240 1164 1294 01
1182 1254 1212 1295 v.
1234 1232 1282 1295 12.
1302 1231 1352 1316 τὴν
1370 1235 1478 1318 spadam
1503 1240 1673 1318 praeterea
1693 1256 1723 1298 v.
1741 1230 1770 1295 8.
1791 1233 1833 1300 dui
1852 1242 1928 1298 etv.
1947 1235 1996 1299 ll.

360 1365 439 1442 σνμβ.
462 1357 538 1438 αὐτῷ
555 1357 631 1424 κατὰ
650 1366 709 1422 010.
734 1379 807 1422 oum
827 1358 999 1444 perpaucis
1022 1357 1116 1424 codd.
1140 1357 1253 1442 habet;
1275 1358 1372 1424 010.
1397 1359 1512 1444 ὀὴσσμεν
1534 1381 1607 1424 oum
1630 1357 1700 1424 solo
1714 1357 1875 1444 Eusebio,
1897 1384 1928 1425 v.
1946 1361 1995 1425 14.

361 1483 445 1557 αὐτὸς
466 1483 483 1549 ὁ
500 1483 591 1569 κύριος
609 1505 683 1548 0οι0
702 1482 771 1548 0010
786 1483 959 1570 Procopio.
1002 1483 1086 1550 Item
1104 1483 1182 1550 10110
1203 1483 1304 1550 011οι0
1324 1485 1354 1567 5,
1373 1485 1465 1549 2-1.
1488 1487 1595 1551 sexies
1615 1508 1688 1550 eum
1705 1485 1801 1552 Alex.
1821 1489 1996 1572 consentin

360 1631 458 1698 porro
479 1633 510 1674 v.
525 1611 555 1675 4.
580 1609 626 1676 ἵνα
646 1612 745 1696 ποιήσῃ
771 1607 864 1696 (item
881 1634 912 1675 τ.
929 1609 973 1697 7.)
997 1633 1071 1676 cum
1088 1613 1202 1698 paucis
1223 1610 1317 1678 codd.
1339 1613 1415 1676 min.
1433 1620 1551 1695 tuetur,
1574 1611 1826 1680 assentientibus
1843 1612 1995 1700 Origene,

360 1736 492 1821 Basilio,
511 1734 754 1824 Obrysostomo,
770 1746 803 1802 01
815 1761 845 1802 v.
861 1737 890 1803 5.
906 1745 954 1805 νῦν
967 1734 1022 1815 οὖν,
1037 1738 1286 1804 assentientibus
1301 1749 1432 1825 praeter
1446 1739 1644 1806 minusculos
1660 1739 1783 1826 aliquot
1798 1739 1995 1808 oodiceXH.

360 1862 447 1949 apud
461 1863 569 1931 Helm.
584 1865 619 1928 in
632 1865 779 1952 margine
794 1861 828 1950 (i.
845 1888 872 1930 0.
887 1862 1041 1930 Marchal.
1057 1864 1220 1952 Vatican.)
1237 1874 1269 1931 et
1283 1863 1415 1932 Severo.

1141 2103 1217 2185 IX.

464 2271 560 2336 Folia
584 2269 832 2337 membranacea
857 2270 1109 2359 palimpsesto
1130 2274 1194 2338 tria
1221 2274 1256 2337 in
1276 2270 1317 2334 4⁰
1337 2294 1412 2336 cum
1424 2271 1616 2356 fragmentis
1640 2271 1800 2338 Graecis
1815 2272 1948 2339 alterius
1964 2283 1997 2340 et

360 2399 446 2462 tertii
464 2396 539 2464 libri
553 2399 687 2483 Regum.
733 2397 901 2485 Scriptura
919 2399 1055 2466 uncialis
1071 2423 1135 2486 qua
1149 2407 1284 2467 exarata
1297 2408 1372 2464 sunt
1388 2397 1529 2487 Coptum
1542 2397 1681 2482 redolet,
1705 2409 1856 2464 accentus
1871 2409 1997 2466 tantum

360 2547 426 2590 non
442 2524 623 2591 observavi.
659 2524 797 2590 Videtur
812 2526 920 2590 octavi
933 2525 1056 2592 saeculi
1070 2549 1153 2610 esse,
1168 2527 1231 2590 nisi
1246 2527 1331 2592 forte
1346 2527 1508 2612 antiquior
1522 2535 1586 2608 est,
1610 2535 1697 2591 certe
1713 2527 1799 2591 enim
1813 2525 1996 2614 inscriptio-

359 2673 418 2718 nes
440 2654 474 2718 in
495 2653 641 2739 margine
663 2653 831 2738 superiore
853 2652 1016 2719 exhibitae
1039 2653 1262 2739 antiquitatem
1288 2658 1403 2718 octavo
1427 2652 1557 2718 saeculo
1580 2652 1823 2718 antecedentem
1845 2653 1995 2740 produnt.

361 2777 515 2844 Ceterum
537 2777 673 2844 Graecis
691 2776 887 2845 Armeniaca
907 2781 1157 2868 superimposita
1177 2789 1260 2845 sunt
1305 2777 1388 2846 Sunt
1405 2789 1514 2844 autem
1534 2779 1717 2865 fragmenta
1734 2777 1828 2845 haec:
1855 2781 1876 2844 2
1894 2779 1995 2867 Regg.

359 2905 410 2989 22,
425 2906 560 2972 38-42.
575 2905 709 2972 46-49.
726 2905 777 2989 23,
798 2906 891 2971 2-5.
908 2909 1020 2974 8-10.
1040 2909 1060 2972 3
1075 2907 1177 2994 Regg.
1194 2905 1242 2988 13,
1257 2907 1350 2972 4-6.
1367 2905 1479 2970 8-11.
1497 2907 1629 2971 13-11.
1645 2905 1779 2972 211-23.
1797 2907 1845 2990 16,
1861 2907 1995 2973 31-33.

360 3033 409 3116 17,
427 3031 517 3098 1-5.
540 3032 653 3097 9-12.
675 3033 807 3098 14-17.
850 3031 905 3100 Ad
926 3035 1149 3100 recensionem
1169 3033 1332 3120 pertinent
1352 3055 1509 3120 perquam
1532 3034 1695 3119 antiquam
1714 3056 1735 3098 a
1753 3031 1912 3098 Vaticana
1931 3034 1996 3098 edi·

358 3160 446 3224 tione
461 3158 637 3235 admodum
652 3159 827 3244 diversam,
847 3161 995 3248 inprimis
1014 3184 1088 3226 oum
1107 3157 1273 3226 codicibus
1289 3159 1449 3226 Holmesii
1463 3159 1505 3224 X.
1521 3169 1553 3225 et
1567 3159 1625 3224 XI.
1642 3161 1905 3226 consentientem.
1947 3161 1999 3225 Ita

358 3285 436 3350 folio
456 3287 562 3374 primo
581 3310 641 3374 per
658 3289 786 3374 priores
807 3287 920 3352 decem
938 3311 1053 3353 versus
1075 3309 1148 3352 cum
1166 3296 1304 3374 utroque
1324 3297 1438 3354 contra
1456 3287 1505 3354 ed.
1520 3285 1613 3352 Rom.
1632 3285 1686 3352 hic
1706 3287 1811 3352 codex
1829 3296 1937 3352 tuetur
1951 3285 1999 3353 aad

359 3415 391 3480 ot
413 3414 450 3499 μὴ
472 3415 645 3490 ἀναστῶσιν,
668 3415 710 3480 ἐπ’
736 3417 789 3498 ε’μὲ,
811 3413 859 3481 καὶ
880 3416 1032 3490 παιδεύων,
1054 3415 1142 3500 φόβον
1162 3419 1249 3490 θεοῦ,
1271 3418 1322 3481 καί
1340 3423 1414 3480 ante
1436 3415 1601 3492 ἀνατείλας,
1635 3413 1714 3478 item
1735 3435 1809 3478 cum
1828 3413 1945 3478 iisdem
1966 3423 1999 3478 01

358 3537 581 3608 Alexandrino
600 3542 633 3608 ob
649 3546 810 3628 ταρῆλθενς
831 3543 909 3607 item
929 3543 1191 3625 ἐπανιστανομένσνς
1206 3563 1278 3606 cum
1293 3541 1335 3605 Π.
1353 3538 1387 3628 (i.
1404 3565 1431 3606 e.
1448 3541 1561 3606 codice
1575 3537 1749 3626 Vaticano)
1766 3550 1798 3606 01
1812 3539 1870 3606 XI.
1887 3535 1996 3625 (Alex.

359 3665 618 3756 ἐπανισταμένους),
641 3691 714 3733 cum
727 3667 822 3734 Alex.
844 3668 860 3735 ὁ
874 3669 944 3743 θεὸς
963 3667 979 3735 ὁ
998 3669 1100 3752 φύλαξ,
1122 3691 1196 3732 eum
1210 3667 1251 3732 X.
1273 3677 1305 3732 et
1319 3665 1412 3734 Alex.
1433 3667 1449 3735 d
1468 3665 1551 3752 ἥλιος,
1571 3689 1644 3732 cum
1662 3665 1757 3732 Alex.
1778 3663 1858 3742 οὗτος
1875 3667 1892 3736 ὁ
1916 3668 1997 3742 οἶκος,

359 3817 432 3858 oum
451 3794 579 3860 duobus
597 3805 723 3860 tantum
743 3795 837 3860 codd.
858 3797 993 3860 minusc.
1014 3796 1134 3878 δύναμιν,
1159 3797 1187 3859 ἐν
1207 3796 1371 3879 ἀνθρώποις
1390 3817 1463 3860 cum
1477 3816 1542 3860 uno
1557 3791 1719 3858 Holmesii
1732 3817 1782 3857 nr.
1797 3793 1858 3877 64,
1881 3793 2000 3866 ὁσιόσύς

359 3920 458 4004 00100,
473 3920 607 4008 reliquis
622 3922 712 4007 κύριος
725 3921 778 3986 vel
792 3923 849 4006 κύρ.
864 3922 880 3989 ὁ
894 3922 964 3996 θεός
977 3919 1268 4008 praemittentibus.
1301 3919 1455 3986 Ceterum
1469 3919 1512 3984 ad
1526 3919 1586 3985 hos
1601 3920 1726 4006 Regum
1739 3919 1839 3986 libros
1855 3919 1997 3985 unciales

359 4047 453 4112 codd.
477 4057 607 4136 praeter
627 4047 787 4114 Holmesii
808 4048 851 4113 H.
876 4045 1010 4136 (Vatia)
1030 4047 1090 4114 III.
1119 4043 1241 4134 (Alex.)
1265 4047 1323 4112 XI.
1349 4043 1462 4133 (Basil.
1486 4043 1606 4132 Vatis.)
1631 4055 1663 4112 et
1686 4041 1743 4132 (ad
1763 4045 1794 4112 2.
1816 4044 1934 4134 chg.)
1956 4046 1997 4110 X.

359 4169 525 4260 (Coislin.)
540 4197 606 4240 non
621 4185 757 4240 exstant.
807 4174 1008 4262 Scripturam
1028 4174 1166 4240 similem
1189 4174 1248 4240 sed
1266 4173 1453 4240 accentibus
1473 4172 1604 4262 plenam
1622 4173 1697 4240 vide
1716 4173 1804 4261 apud
1820 4171 1997 4239 Montfauc.

357 4303 391 4364 in
405 4300 576 4386 Palaeogr.
594 4301 650 4367 (ir.
665 4325 697 4389 p.
711 4302 783 4366 224.

1152 4487 1204 4569 X.

465 4672 581 4740 Codex
594 4674 861 4742 membranaceus
878 4674 1050 4742 Graecus
1066 4674 1217 4740 foliorum
1236 4674 1276 4740 31
1292 4675 1327 4738 in
1340 4675 1381 4738 4⁰
1393 4675 1523 4762 majori,
1544 4671 1733 4740 minusculis
1747 4673 1862 4738 litteris
1879 4670 2000 4738 saeculi

357 4799 415 4866 XI.
432 4799 485 4865 vel
499 4800 540 4865 X.
559 4799 712 4867 Continet
728 4801 879 4868 Cassiani
892 4801 1019 4867 libellos
1036 4802 1110 4868 duo.
1153 4801 1207 4867 Ad
1220 4804 1378 4890 priorem,
1399 4803 1489 4888 cujus
1504 4801 1631 4866 initium
1647 4801 1739 4866 deest
1754 4797 1881 4888 (incipit
1895 4799 2000 4864 codex

358 4951 378 4992 a
399 4927 508 4992 verbis
531 4933 674 4996 celat'odas
700 4931 728 4995 ἔν
753 4957 807 4998 τισι
833 4935 889 4996 τῶν
911 4933 1052 5015 rotundiora
1073 4929 1149 4996 κατὰ
1170 4929 1219 4996 τὸν
1239 4929 1335 5014 καιρὸν
1351 4933 1400 5013 τῆς
1413 4929 1562 5003 ἑστιάσεως·
1583 4929 1632 4995 οὐκ
1653 4928 1783 4996 ἀπὸτοῦ
1805 4927 1922 5001 κανόνος
1943 4933 2000 4993 τῶν

356 5056 534 5138 Acmen,
557 5056 616 5121 ἀλλ’
640 5056 699 5124 ἀπὸ
719 5053 790 5144 τῶν)
813 5079 932 5121 novem
953 5057 1033 5122 folia
1051 5058 1215 5142 pertinent
1235 5053 1317 5142 (exit
1335 5055 1443 5120 verbis
1462 5059 1497 5139 τῇ
1516 5053 1546 5120 δὲ
1561 5055 1671 5138 αὐξήσει
1683 5059 1741 5119 τῶν
1755 5054 1862 5138 ἀρετῶν
1875 5053 1892 5138 ἡ
1907 5064 2000 5120 καθα-

356 5181 438 5264 ρότης
464 5187 514 5268 τῆς
538 5185 657 5268 καρδίας
681 5187 867 5268 προσγίνεται·
890 5189 924 5267 τῇ
946 5182 976 5250 di
997 5184 1174 5268 καθαρότητι
1194 5189 1243 5266 τῆς
1263 5185 1381 5266 καρδίας
1399 5181 1417 5266 ἡ
1440 5181 1608 5265 oinoocolaai]
1629 5179 1762 5264 τελειὸτρς
1782 5176 1998 5266 παραγίνεται);

356 5309 518 5393 posterior
541 5317 592 5374 est
613 5307 676 5394 περὶ
697 5315 753 5375 τῶν
774 5310 847 5376 tues
867 5315 1017 5397 loyropeiv:
1040 5309 1093 5376 bic
1113 5311 1241 5396 integer
1263 5317 1313 5374 cst
1335 5317 1471 5395 excepto
1494 5317 1634 5373 tractatu
1657 5315 1788 5390 octavo,
1811 5305 1902 5393 cujus
1923 5315 2000 5392 post

357 5433 458 5499 verba
483 5433 531 5501 uui
554 5437 605 5510 ἕως
631 5439 767 5522 orporea
792 5439 994 5504 κατασκάπτει·
1020 5437 1068 5502 καὶ
1092 5437 1212 5520 μάρτυς,
1239 5433 1443 5502 desideratur
1468 5433 1552 5498 finis.
1609 5432 1724 5499 Codex
1749 5431 1833 5498 bene
1860 5442 1892 5498 et
1918 5434 1999 5499 scite

358 5563 497 5648 scriptus
518 5571 568 5627 001
586 5573 682 5650 atque
703 5587 723 5629 a
741 5572 925 5630 correctore
941 5563 1125 5630 duodecimi
1140 5563 1209 5628 fere
1224 5561 1345 5628 saeculi
1359 5564 1405 5628 ita
1418 5569 1633 5648 pertractatus
1650 5569 1685 5624 01
1700 5559 1861 5647 duplicem
1875 5569 1999 5627 textum

1680 5683 1694 5730 a
