5284 6620
1966 727 2025 791 101

384 931 515 1021 αι’ντοῦ·λ)
538 932 610 1019 φλόξ
628 931 659 999 δὲ
678 934 708 998 εἰι
726 931 866 1016 στόματος
885 931 971 998 αύτοῦ
989 931 1134 1016 ἕξίρχεται.
1154 931 1183 996 ἐν
1202 928 1232 996 δὲ
1249 936 1290 1012 τοῦ
1308 931 1436 1016 τραχήλφ
1455 931 1595 1009 αὐλίζεται
1613 929 1737 1015 δύναμις·
1761 930 1920 1014 ἔμπροσθεν
1942 932 2029 998 αύτοῦ

385 1063 473 1147 τρίχει
487 1061 620 1127 ἀποόλεια.
643 1060 738 1144 ἕστηκε
751 1057 781 1125 δὲ
792 1056 887 1144 ὥσπερ
902 1057 998 1142 ἀκμων
1013 1058 1158 1142 ἀνήλατος.
1180 1058 1231 1124 ἐὰν
1245 1058 1450 1142 συνοιντήσοοσιν
1465 1057 1541 1138 αύτῷ
1554 1059 1659 1143 λόγχαι,
1675 1056 1761 1123 οῦθόν
1772 1057 1805 1123 οῦ
1815 1057 1853 1142 μή
1864 1057 2028 1144 ποιήσωσιν·

384 1187 484 1274 ήγηται
502 1186 551 1273 μῦν
569 1188 623 1274 γάρ
643 1189 754 1270 σύληρον
772 1185 887 1270 ἀχυρον,
908 1185 1012 1270 χαλκόν
1031 1183 1061 1251 δὲ
1079 1183 1173 1270 ὥσπερ
1187 1185 1268 1264 ξύλον
1280 1185 1400 1269 σαθρόν.
1423 1183 1470 1250 καλ
1484 1185 1517 1252 ού
1529 1184 1566 1269 μή
1580 1185 1680 1270 τρύσει
1694 1185 1779 1251 αότόν
1792 1185 1874 1264 τόξον
1886 1186 2026 1271 χάλκεων·

385 1313 484 1401 ήγηται
501 1314 550 1400 μῦν
567 1313 734 1398 πετροβόλου
751 1313 858 1398 χόρτον.
881 1313 921 1388 ὡς
938 1314 1050 1397 καλάμη
1069 1309 1099 1378 δὲ
1111 1315 1308 1398 λογισθείησαν
1322 1314 1438 1396 σφυραί·
1454 1315 1596 1396 καταγθά
1609 1310 1658 1396 μὲν
1671 1317 1783 1396 σεισμοῦ
1796 1313 1947 1396 πυρφόρον.
1969 1313 2031 1398 ήδὲ

386 1442 513 1527 στρωμνή
529 1442 614 1508 αῦτοῦ
627 1441 763 1526 όβελάικοι
775 1440 855 1519 ὀξεῖς.
864 1437 963 1525 ήγηται
975 1439 1024 1524 μῦν
1038 1441 1088 1526 τήν
1102 1441 1258 1509 θάλασσαν
1272 1437 1366 1524 ὥσπερ
1380 1425 1567 1524 ε’ξάλευττρον,
1581 1439 1631 1506 τόν
1644 1437 1675 1504 δὲ
1688 1439 1829 1524 τάρταρον
1842 1446 1892 1525 τῆς
1906 1441 2028 1526 ἀβύσσου

386 1567 481 1652 ιόσπερ
497 1568 682 1653 αἰχμάλωτον.
697 1568 745 1634 οῦκ
759 1569 832 1634 ἔστιν
847 1565 892 1634 ἐπὶ
905 1572 954 1651 τῆς
968 1573 1017 1653 γῆς
1031 1565 1125 1652 ῦμοων
1137 1570 1221 1650 αύτῷ.
1237 1567 1264 1633 οἱ
1274 1565 1328 1652 γάρ
1339 1572 1431 1634 δοῦλοι
1440 1571 1490 1634 τοῦ
1500 1573 1571 1634 θεοῦ
1585 1565 1694 1651 ἀγγελοι
1704 1566 1837 1641 πολλάκις
1847 1567 2030 1652 ὀνομάζονται

385 1697 441 1763 ύπό
459 1701 509 1780 τῆς
527 1697 613 1769 θείας
631 1699 740 1779 γραφής
759 1695 806 1761 διά
825 1693 858 1762 τό
877 1694 985 1760 ἀκούειν
1004 1695 1105 1769 αύτούς
1122 1695 1219 1779 λόγους
1236 1694 1319 1778 παρά
1332 1699 1404 1760 θεοῦ
1417 1691 1465 1760 καὶ
1479 1695 1653 1780 ἀναγγελλειν
1666 1703 1725 1767 τοῖς
1737 1699 1844 1768 λοιποῖς
1858 1694 2030 1778 ἀνθρώποις.

386 1821 454 1908 φησὶ
468 1823 522 1908 γάρ
531 1821 654 1907 Ἔσδρας
666 1823 839 1888 :insessae
852 1821 869 1888 ό
883 1819 954 1896 θεός
968 1821 1039 1906 πρὸς
1054 1821 1154 1896 αύτούς
1168 1821 1233 1896 τοῦς
1250 1821 1363 1894 δούλους
1382 1821 1467 1887 αύτοῦ
1485 1821 1551 1894 τοῦς
1567 1819 1725 1904 προφήτας·
1746 1819 1826 1887 αῦτοῖ
1843 1819 1874 1886 δὲ
1891 1823 2030 1906 ε’ξεγεικτή

385 1955 460 2036 ριζον
479 1951 544 2024 τούς
563 1949 694 2034 ἀγγελους
712 1948 805 2014 αύτοῦ.
826 1948 963 2023 ὡσαύτως
980 1947 1028 2015 καὶ
1045 1947 1107 2033 περὶ
1127 1953 1177 2015 τοῦ
1196 1949 1353 2033 προδρόμου
1370 1949 1439 2033 λε’γει
1458 1949 1548 2032 κύριος
1565 1943 1655 2022 Ούτός
1670 1947 1743 2013 ε’στιν
1756 1947 1819 2032 περὶ
1832 1943 1866 2015 ού
1879 1951 2031 2033 γε’γραπται

385 2078 455 2144 Ἰδού
475 2077 528 2162 ἐγιῦ
548 2076 712 2143 ἀποστελλω
731 2075 780 2142 τόν
798 2073 914 2160 ἄγγελόν
932 2103 985 2159 μου
1003 2076 1058 2159 πρὸ
1076 2075 1228 2159 προσώπου
1243 2102 1301 2142 σου.
1323 2073 1418 2141 καλοῦ
1431 2076 1516 2158 μόνον
1530 2073 1640 2158 άγγελοι
1652 2076 1778 2159 λεγονται
1791 2078 1818 2142 οἱ
1831 2077 1942 2151 δι’καωι,
1958 2077 2031 2142 ἀλλά

387 2204 434 2271 καλ
457 2206 534 2278 θεοί,
563 2203 638 2270 κατά
659 2203 709 2270 τόν
729 2203 845 2288 λέγοντα
864 2203 933 2287 Ἐγιῦ
956 2204 1022 2268 εἶπα
1046 2205 1119 2272 Θεοί
1138 2203 1199 2269 ε’στε
1217 2200 1265 2268 καλ
1285 2199 1341 2269 υἱοὶ
1358 2202 1479 2286 ὑψίστου
1498 2203 1610 2276 πάντες.
1640 2199 1698 2268 ἐπεὶ
1719 2198 1798 2287 οῦνλ)
1822 2204 1961 2287 αι’δίσμιος
1984 2203 2032 2270 καλ

387 2331 536 2420 σεβάσμιος
549 2329 597 2397 καλ
610 2331 722 2415 σφόδρα
736 2330 897 2414 περιβόητος
910 2329 1029 2414 ῦπῆρχεν
1043 2329 1059 2396 ὁ
1078 2329 1219 2416 ι’σάγγελυς
1230 2329 1375 2413 Ἰάκωβος,
1397 2330 1494 2413 ἑορτῆς
1512 2331 1654 2414 γενομένης
1671 2335 1721 2396 τοῦ
1738 2329 1837 2415 πάσχα
1855 2328 1904 2396 καλ
1922 2337 2033 2397 πολλῶν

387 2459 527 2544 μυριάδων
547 2457 740 2524 συνελθόντων
754 2458 783 2522 ἐν
796 2461 837 2536 τοῦ
851 2461 911 2536 ναοῦ
925 2460 982 2522 τοῖν
994 2457 1147 2532 Ἰουδαίων,
1170 2453 1218 2522 καλ
1232 2459 1330 2522 τοῦτον
1345 2456 1539 2540 ἀνενεγκαντες
1553 2457 1579 2522 οἱ
1592 2457 1671 2542 ἱερεῖς
1685 2453 1734 2542 (in
1747 2457 1894 2544 margine
1910 2485 2032 2543 γραμμα

386 2585 455 2672 τεῖς)
481 2583 526 2652 ἐπὶ
547 2583 580 2652 τό
601 2584 744 2670 πτερύγων
767 2587 817 2649 τοῦ
837 2584 910 2667 ἱεροῦ
931 2583 1113 2649 διασκεδάσαι
1134 2582 1292 2668 βουλόμενοι
1313 2583 1347 2649 τό
1370 2579 1493 2667 κήριημοι
1514 2587 1653 2668 Χριστοῦ,
1676 2584 1753 2651 εἷπον
1773 2585 1877 2670 μεγάλη
1898 2589 1932 2668 τῇ
1953 2591 2033 2669 φωνή

385 2715 528 2798 Ἀξιοῦμίν
548 2738 592 2787 σε,
612 2712 713 2786 δίκαιε,
734 2711 819 2776 εἰπεῖν
840 2715 880 2792 τῷ
901 2715 962 2791 λαῷ
985 2709 1032 2776 ίνα
1053 2709 1090 2794 μή
1112 2715 1275 2776 πλανοῦνται
1295 2710 1385 2776 όπίσω
1404 2715 1454 2776 τοῦ
1471 2712 1615 2795 λεγομένου
1633 2717 1771 2794 Χριστοῦ·
1794 2710 1838 2778 σοὶ
1856 2711 1911 2797 γάρ
1928 2713 2033 2788 πάντες

388 2841 566 2924 πειθόμεθα,
588 2838 766 2923 γινώσκοντες
780 2864 812 2904 σε
826 2839 931 2903 δίκαιον
944 2836 1014 2904 όντα
1028 2834 1076 2902 καλ
1090 2835 1357 2922 ἀπροσωπόληπτον.
1379 2837 1395 2904 ό
1410 2835 1440 2904 δῦ
1454 2837 1620 2922 ἀποκριθεὶς
1633 2838 1685 2922 ἔφη
1703 2839 1744 2904 Τί
1752 2865 1786 2923 με
1800 2839 1958 2923 ε’περωτάτε
1971 2839 2034 2925 περὶ

386 2973 436 3034 τοῦ
443 2971 578 3051 Χριστοῦ,
593 2963 642 3030 καλ
656 2965 741 3039 αύτός
754 2965 907 3041 καθίζεται
920 2964 950 3029 ἐν
963 2967 1041 3049 δεξιᾷ
1055 2969 1104 3030 τοῦ
1118 2969 1189 3030 θεοῦ
1203 2965 1232 3029 ἕν
1245 2969 1285 3046 τῷ
1296 2964 1414 3050 οῦρανῷ.
1431 2967 1458 3032 οἱ
1469 2963 1498 3030 δὲ
1510 2964 1669 3050 παράνομα
1679 2965 1811 3050 ἀρχιερεῖς
1820 2964 1869 3032 καλ
1880 2972 2033 3052 Φαρισαῖα

388 3094 508 3178 ἔκραξαν
520 3089 560 3158 Ὠ
579 3088 603 3158 ὦ
623 3087 700 3177 (hoo
715 3094 876 3174 accentu)'
899 3088 947 3158 καλ
965 3091 982 3158 ό
1000 3093 1106 3166 δίκαιος
1124 3092 1277 3176 ἐπλανήθη.
1292 3089 1340 3157 καὶ
1354 3093 1436 3157 εἶπαν
1449 3090 1520 3176 πρός
1534 3093 1667 3176 ἀλλήλους
1680 3097 1789 3168 Κακοῦς
1802 3094 1968 3178 ἐπονήσαμεν
1981 3122 2033 3170 τοι-Ι

388 3221 473 3305 αύτην
487 3221 642 3304 μαρτυρίαν
656 3221 725 3285 καθ’
741 3220 849 3286 ἑαυτῶν
862 3217 931 3304 ῦπῦρ
944 3223 994 3285 τοῦ
999 3219 1088 3302 Ἰησοῦ
1102 3219 1303 3304 παρασχόντες.
1318 3217 1367 3284 καὶ
1380 3217 1478 3286 πολλοὶ
1491 3219 1521 3284 εἰι
1534 3225 1584 3286 τοῦ
1596 3225 1667 3286 λαοῦ
1681 3221 1852 3296 ἀκούσαντες
1862 3221 2033 3289 ἐπίστευσαν.

387 3345 435 3414 καὶ
449 3346 483 3432 δή
496 3349 628 3430 μανέντες
642 3349 669 3413 οἱ
681 3347 818 3433 ε’ξάγιστοι
831 3345 879 3412 καλ
892 3349 991 3412 τοῦτον
1005 3349 1288 3429 κατακρημνισαντες,
1307 3348 1402 3420 κλίνας
1415 3347 1453 3412 τά
1467 3346 1575 3431 γόνατα
1587 3345 1656 3432 ῦπὲρ
1676 3348 1769 3414 αῦτοῦν
1787 3348 1964 3434 προσηύχετο.
1986 3349 2034 3415 καί

388 3479 573 3560 προσεγγίσας
591 3501 633 3548 τις
651 3477 709 3539 τοῦν
726 3475 792 3540 υἱοῖν
804 3471 902 3558 Ῥιχάβ
920 3471 968 3538 καλ
987 3473 1111 3548 ἀκούσας
1131 3473 1217 3540 αῦτοῦ
1227 3474 1296 3556 λάχει
1310 3473 1405 3547 αἰετοῖς
1422 3476 1463 3540 Τί
1472 3485 1573 3540 ποιεῖτε
1577 3504 1589 3551 ,·
1607 3474 1623 3541 ὁ
1638 3477 1744 3548 δίκαιος
1757 3480 1863 3558 μάλλον
1875 3473 1944 3559 ὑπὲρ
1957 3476 2034 3560 ῦμοῦν

390 3600 497 3688 (1706.
512 3598 603 3687 ήμοῦν)
628 3599 743 3686 εύχεται.
765 3598 813 3666 καὶ
833 3601 946 3685 δραμών
968 3625 1010 3675 τις
1026 3599 1148 3684 κναφεύς
1166 3599 1266 3665 ἔδωκεν
1284 3601 1322 3673 εἰς
1335 3599 1385 3685 τήν
1407 3601 1529 3686 κεφαλήν
1548 3602 1633 3668 αὐτοῦ
1650 3601 1721 3685 μετά
1739 3606 1789 3668 τοῦ
1806 3601 1888 3680 ξύλου
1906 3602 1935 3666 όν
1954 3597 1977 3684 ᾧ
1995 3604 2033 3669 τά

388 3730 486 3812 ἱμάτια
500 3729 613 3804 ε’κπιύζεε
629 3726 733 3805 (1706.
749 3729 812 3803 -ζειν
826 3724 940 3812 εἴωθε),
962 3725 1010 3792 καὶ
1024 3731 1196 3812 παραχρῆμα
1211 3727 1380 3810 ἐτελεύτησεν
1398 3727 1414 3794 ὁ
1433 3730 1545 3803 δίκαιος.
1567 3729 1721 3811 θάψαντες
1739 3727 1769 3795 δὲ
1788 3729 1874 3796 αῦτὸν
1892 3731 1974 3812 νεαροὶ
1992 3735 2033 3810 τῷ

387 3863 448 3938 ναοῦ
471 3855 616 3939 ἀνήγειραν
639 3854 724 3920 αὐτοῦ
747 3852 797 3937 τήν
820 3853 931 3937 στήλην·
957 3854 1028 3938 μετά
1046 3852 1076 3919 δὲ
1094 3854 1143 3938 τήν
1160 3855 1315 3938 μαρτυρίαν
1334 3855 1419 3920 αὐτοῦ
1436 3854 1517 3938 παρά
1535 3855 1626 3928 πόδας
1642 3854 1819 3941 Ἰερουσαλήμ
1841 3861 2032 3940 πολιορκεῖται

386 3981 454 4066 φησὶ
472 3981 527 4066 γάρ
540 3981 697 4064 Ἰοῦσηππος
715 3983 817 4045 Ταῦτα
835 3977 865 4044 δὲ
883 3981 1048 4065 συμβιβηιιεν
1064 3981 1208 4055 Ἰουδαίους
1226 3980 1287 4046 κατ’
1309 3981 1443 4064 ἐκδίκησιν
1454 3981 1588 4067 Ἰακοίβου
1606 3986 1655 4048 τοῦ
1673 3985 1791 4059 δικαίου,
1810 3983 1842 4057 ὃς
1859 3977 1892 4068 ήν
1912 3983 2033 4068 ἀδελφὸς

387 4110 476 4191 Ἰησοῦ
490 4113 539 4173 τοῦ
548 4108 691 4192 λεγομένου
700 4112 838 4192 Χριστοῦ·
854 4107 945 4191 ἐπειδή
955 4133 1006 4190 περ
1021 4107 1196 4174 δικαιότατον
1211 4106 1296 4174 αὐτόν
1310 4106 1381 4175 ὄντα
1392 4108 1520 4175 Ἰουδαῖοι
1534 4109 1706 4175 ἀπέκτειναν.
1725 4111 1762 4178 Οἱ
1767 4107 1793 4196 ³)
1809 4112 1900 4176 τοίνυν
1906 4110 2034 4177 Ἰουδαῖοι

387 4234 458 4317 μετά
477 4234 527 4318 τήν
546 4238 595 4300 τοῦ
614 4235 707 4318 κυρίου
723 4233 802 4318 ήμοῦν
821 4234 962 4318 ἀνάληψιν
983 4235 1151 4318 ἀπολεήιητοι
1168 4235 1215 4318 ε’τη
1233 4242 1265 4319 μ’
1285 4235 1430 4318 διεμειναν,
1455 4241 1504 4302 τοῦ
1522 4241 1648 4320 Χριστοῦ
1665 4241 1914 4320 μακροθυμοῦνπος
1932 4237 1978 4304 ἐπὶ
1999 4265 2034 4322 τη

388 4363 552 4445 παρανομίᾳ
570 4358 618 4426 καλ
637 4363 780 4446 θεομαχίᾳ
799 4361 905 4438 αῦτοῦν,
926 4358 1004 4435 ὅπως
1022 4362 1280 4447 γνωσιμαχήσαντες
1300 4361 1344 4429 ε’πλ
1363 4389 1397 4445 τη
1416 4363 1529 4446 τοιαύτη
1546 4366 1713 4448 πλημμελειητ
1732 4363 1847 4448 ἰσχυράν
1865 4365 2035 4448 ποιήσωνται

383 4489 437 4572 τήν
455 4486 613 4570 μετάνοιαν.
632 4484 704 4553 όθεν
723 4489 818 4563 αὐτοῖς
832 4489 940 4574 φοβεροὶ
954 4499 1053 4572 σημεῖα
1067 4491 1218 4554 ε’πεδεύιιυε
1231 4488 1281 4573 τήν
1293 4491 1448 4574 μελλουσαν
1461 4491 1686 4576 καταλαμβάνειν
1700 4491 1801 4565 αύτούς
1816 4488 1919 4558 ἀλωσιν
1932 4519 2033 4576 προμη

388 4615 497 4681 νεύοντα
520 4615 549 4678 ἕν
567 4613 621 4698 γάρ
640 4619 675 4698 τή
693 4619 750 4680 τῶν
769 4615 881 4700 ἀζύμων
899 4615 979 4699 ἑορτή
993 4611 1056 4700 περὶ
1070 4610 1148 4698 ἀραν
1163 4615 1262 4700 ἐνάτην
1275 4621 1324 4700 τῆς
1337 4615 1435 4690 νυκτὸς
1447 4621 1581 4683 τοσούτω
1594 4621 1657 4701 φοῦς
1670 4617 1720 4685 τόν
1732 4618 1802 4686 ναόν
1816 4619 1864 4686 καὶ
1877 4617 1927 4684 τόν
1939 4617 2034 4702 βωμόν

389 4743 577 4825 περιελαμψεν
599 4738 643 4806 ini
666 4738 744 4824 ὥραν
766 4743 833 4825 μίαν
855 4741 894 4815 ἀς
917 4748 1005 4808 δοκεῖν
1026 4742 1130 4826 ήμεραν
1151 4743 1291 4826 γενεσθαι.
1311 4743 1387 4826 Ιμετά
1409 4741 1439 4808 δῦ
1457 4749 1540 4810 τοῦτο
1561 4745 1649 4828 ἐφάνη
1671 4744 1775 4828 οἶστρον
1794 4743 1863 4828 ῦπῦρ
1883 4744 1933 4828 τήν
1955 4744 2034 4811 πόλιν

388 4871 516 4952 essue
529 4868 731 4951 παραπλήσια·

442 5097 458 5158 ¹)
472 5093 517 5147 Iis
530 5092 620 5148 codex
632 5091 721 5147 hebet
732 5093 785 5148 ssd
795 5097 828 5148 ut
840 5093 948 5147 elerum
960 5098 1005 5148 est
1016 5093 1127 5151 vitiose.
1137 5093 1177 5148 'In
1300 5098 1319 5162 Ι)
1333 5083 1462 5160 Quse'ab
1475 5093 1531 5150 hoe
1542 5096 1610 5150 inde
1621 5095 1686 5151 loeo
1700 5100 1872 5170 sequuntur,
1889 5097 1967 5167 apud
1983 5095 2034 5152 Ge-

389 5183 469 5232 textu
487 5177 629 5232 Vaticano
648 5175 765 5248 legitur:
784 5181 919 5248 καιομένης
935 5183 999 5249 πυρλ
1028 5177 1176 5250 ἀνθράκων.
1250 5181 1369 5234 drenum
1393 5179 1538 5250 excipiunt
1558 5197 1620 5236 eam
1641 5198 1726 5254 quam
1746 5197 1832 5252 supra
1851 5180 1973 5236 vidimus
1998 5183 2034 5238 de

387 5262 404 5330 ή
417 5261 490 5332 ψυχή
502 5261 585 5316 αὐτοῦ
597 5260 736 5332 ἄνθρακες.
1249 5264 1330 5319 Luce
1343 5263 1503 5333 historiam,
1522 5264 1697 5321 desinentem
1714 5265 1809 5320 verbis
1825 5265 1939 5338 ὁποιτήρ
1952 5266 2034 5322 αὐτοῦ

439 5349 461 5410 ²)
473 5345 520 5401 Ab
532 5345 578 5400 his
590 5345 659 5400 inde
675 5363 772 5400 rursus
790 5363 853 5402 eum
866 5345 982 5404 coislin.
994 5347 1052 5402 305.
1073 5347 1176 5418 Imper.
1247 5353 1329 5418 μέγας
1340 5353 1544 5409 Κυνστοιντίνοε.

389 5431 464 5486 1706.
478 5429 562 5501 fasit3
575 5431 643 5486 item
657 5429 803 5486 cedrenus
815 5437 908 5487 textus
921 5449 1018 5488 rursus
1030 5431 1176 5489 eonferen-

391 5516 445 5570 dus
457 5522 515 5585 est,
528 5513 565 5570 ci.
579 5515 623 5571 ed.
637 5515 726 5570 Paris.
738 5532 804 5590 pag.
815 5516 875 5572 205.
887 5515 923 5570 D.
