5244 6618
385 939 441 981 σε.
461 889 491 992 ιε
509 910 550 980 οι
567 915 601 1000 α,
619 919 710 1000 ροσε
728 913 776 982 ια
789 917 879 1002 ειμι
894 917 1008 1003 οπεος
1021 929 1080 992 «ος
1094 919 1175 1002 ειν,

386 1041 541 1127 ἐπιβάδλαν
559 1041 576 1109 ό
594 1042 741 1126 Βαρλαιέμ
759 1041 806 1108 καί
826 1044 988 1127 ἐπισφαλῶς
1007 1045 1175 1130 άπηλέγχετό

387 1193 418 1234 τε
431 1167 479 1234 καί
492 1170 685 1254 κατησχύιετο.

446 1294 507 1360 Ἔτι
526 1293 557 1360 τέ
570 1291 681 1380 εῦρηται
694 1295 711 1364 ό
725 1301 849 1371 ταοῦτος
862 1298 1009 1384 Βαρλαάμ
1022 1299 1114 1366 πολλὰ
1128 1296 1176 1364 καί

390 1427 447 1488 νῦν
464 1427 514 1507 νῦν
527 1421 644 1507 ἕνεκα
661 1423 769 1508 &lew
783 1424 929 1508 ἕννεάνεε
941 1427 1115 1510 διατείνει
1128 1424 1176 1492 καὶ

389 1550 595 1635 κατηγορήσας,
616 1547 677 1634 ἅμα
695 1549 726 1616 δέ
739 1548 835 1634 καίτῇ
853 1552 969 1635 συνήθει
984 1553 1092 1628 τούτοις
1108 1557 1176 1636 μαλ-

389 1681 438 1743 ίον
452 1675 482 1743 δέ
499 1681 570 1742 πᾶσι
583 1687 642 1751 τοῖς
656 1685 839 1762 Χριστιανοῖς
856 1683 994 1764 προσευχῇ
1007 1679 1177 1764 ἐπιθεμενος,

390 1809 423 1886 τῇ
447 1803 533 1888 Κύριε
553 1803 642 1888 Ἰησοῦ
663 1801 770 1888 Χριστέ
791 1803 831 1871 υἰέ
850 1810 901 1872 τοῦ
920 1810 992 1872 θεοῦ
1013 1805 1122 1890 ῦέησόν
1135 1833 1177 1890 με.

391 1931 553 2016 διελάμβανε
578 1931 633 2016 γάρ
659 1929 707 1997 καί
731 1929 794 2016 περὶ
814 1933 917 2016 ταύτης
939 1933 981 1998 ἐπ’
1005 1933 1098 2000 αἰετῶν
1120 1939 1177 1999 τῶν

389 2060 491 2136 λεξεοιν
513 2057 619 2124 οῦτιοσί
628 2059 697 2143 Ἐγῶ
719 2063 830 2124 ποίἐῶν
850 2057 938 2126 όντων
961 2057 982 2125 ά
1002 2087 1044 2136 τις
1065 2058 1101 2126 ῶν
1122 2061 1178 2146 ἔχοι

391 2189 504 2261 δικαιῦις
518 2186 640 2270 ε’γκαέεἴν
654 2189 694 2265 τῷ
708 2191 758 2270 τῆς
770 2186 899 2270 τοιαύτης
912 2191 1094 2262 διδασκαλίας
1107 2187 1176 2272 ῦφη-

390 2319 466 2399 χητη,
487 2311 599 2387 οέδενός
619 2311 735 2378 ἔλαττον
755 2311 873 2398 ἡγοῦμαι
893 2312 941 2380 καί
961 2319 1052 2390 τοῦτο,
1075 2311 1118 2381 ότι
1138 2313 1177 2381 τά

390 2444 569 2526 Χριστιανῶν
583 2439 725 2524 ἐπιχειρῶν
739 2439 785 2507 διά
799 2445 856 2506 τῶν
867 2443 1001 2508 εἰσπνοῶν
1013 2441 1177 2526 ἀνατρέπειν

389 2567 533 2654 μισνήρια,
554 2576 726 2649 συκοφαντεῖ
742 2564 790 2632 καί
811 2567 876 2642 τούς
893 2571 1027 2652 πατίρας,
1046 2568 1086 2644 ῶς
1103 2566 1176 2653 άπερ

389 2701 437 2763 νῦν
452 2694 537 2768 αἰετός
551 2693 709 2770 ἐκδιδάσκει,
724 2699 816 2760 ταῦτα
829 2695 971 2769 κάκείνους
982 2696 1178 2779 φρονήσαντας

321 2877 323 2882 .
390 2823 532 2908 πρότερον.
547 2821 710 2906 ἐμβρόντητε
724 2818 772 2886 καί
785 2823 873 2905 μεαρέ,
888 2824 931 2896 τίς
944 2822 1058 2888 πῶποτε
1068 2824 1177 2889 ἐκείνων

390 2956 476 3034 νῦμμιν
493 2945 542 3016 καί
558 2947 684 3032 φυλακὴν
703 2951 821 3031 καρδίας
834 2946 883 3014 καί
895 2949 1035 3034 προσοχὴν
1048 2949 1177 3034 τοιαύτην

389 3079 535 3163 τερατείαν
560 3073 622 3140 οἷαν
646 3075 681 3139 σύ
706 3077 871 3160 παραδιδοις
891 3075 1034 3159 ῶνόμασες
1056 3073 1178 3162 φασίδέ

391 3210 488 3272 τοῦτον
505 3203 750 3286 νενομοθετηκέναι
766 3213 825 3276 τοῖς
842 3203 959 3286 μύσταις
975 3203 1040 3289 εἰνχη
1052 3208 1179 3289 χρῆσθα

392 3330 546 3403 διαπαντός
566 3325 654 3402 οῦτοες
680 3328 778 3414 ἐχοῦση
798 3329 885 3414 Κύριε
905 3330 994 3414 Ἰησοῦ
1014 3329 1121 3416 Χριστέ
1138 3329 1178 3397 υἰέ

391 3465 440 3526 τοῦ
457 3462 529 3524 θεοῦ
547 3455 658 3538 ἐλέησόν
676 3483 717 3540 με.
736 3457 791 3521 κάκ
809 3456 908 3523 τούτου
926 3453 974 3524 οῦν
992 3457 1050 3524 ἐστι
1063 3465 1178 3524 συνιδεῖν

392 3587 488 3660 όνιοῖος
515 3580 549 3670 ἦν
576 3583 593 3650 ὁ
621 3587 678 3646 τῶν
703 3583 839 3650 εἰσπνοῶν
861 3583 976 3668 εῦρετὴς.
999 3586 1033 3652 τὸ
1054 3583 1103 3669 μέν
1123 3585 1178 3671 γάρ

393 3714 492 3796 Πόνε
510 3711 596 3798 ἡμῶν
615 3705 639 3791 δ
657 3712 859 3794 δεκατεύων
877 3713 903 3777 οἱ
920 3711 1078 3797 Βννὸνδν
1093 3717 1178 3798 νοῦν

393 3867 447 3915 ται,
466 3841 499 3906 οῦ
513 3847 677 3923 νομοθετεῖ·
696 3835 767 3904 άετο
781 3837 836 3923 γὰρ
849 3835 921 3906 οῦτοι
935 3840 1092 3922 κατάδηλος
1105 3841 1178 3906 ἐσεσ-

393 3977 455 4034 θαι.
470 3962 970 4051 οαδῦμωςταῦτημόνηνῦμικρᾷ
984 3965 1178 4052 εῦχῇδιάβίου

392 4095 571 4179 προσανέχειν
602 4092 783 4174 ἐποτίθεται,
817 4093 924 4167 ταύτας
952 4093 1006 4167 τάς
1032 4121 1062 4178 γε
1090 4093 1180 4168 άίίας

394 4221 512 4295 ἀνιάσας
538 4219 622 4305 εἰνχάς
646 4222 831 4305 βαττολογίαν
855 4221 1056 4305 καταλιμπάνει
1078 4223 1179 4305 νομίζε

393 4359 477 4415 σθαι·
492 4347 534 4421 οἷς
548 4349 571 4412 δ’
587 4343 674 4420 αὖθις
686 4346 801 4413 πάντων
808 4352 988 4432 Χριστιανῶν
1001 4349 1031 4414 ἐν
1044 4349 1131 4432 ταύτη
1145 4353 1179 4432 τῇ

380 4449 456 4561 ὀχῇ
482 4474 531 4542 ιο
557 4475 648 4558 τερον
671 4473 872 4558 ιμοεησιε
893 4473 1179 4557 Χροιοιαοιο

391 4601 469 4686 ἡμῶν
489 4600 663 4676 καέούντων,
685 4595 766 4674 οῦτυς
786 4600 820 4666 τό
839 4599 873 4668 Ὁ
889 4601 959 4675 θεὸς
978 4601 1063 4686 ἡμῶν,
1084 4604 1124 4676 εἰς
1145 4601 1179 4668 τό

397 4727 446 4796 Ti&
463 4734 514 4796 τοῦ
530 4733 612 4811 θεοῦ,
634 4729 790 4812 μετείληφε·
811 4729 919 4802 τοίποις
936 4727 970 4794 τό
983 4733 1042 4794 πᾶν
1055 4733 1105 4814 τῆς
1118 4729 1179 4794 ἐαυ

392 4861 442 4922 τοῦ
455 4858 623 4934 κακοδοξίας
634 4853 697 4939 ἡμῖν
712 4854 882 4938 ἐξεκάδνψιε.
896 4859 937 4937 τοῦ
951 4855 1005 4940 γάρ
1018 4859 1075 4921 τῶν
1082 4861 1179 4940 Βαγο

383 4969 389 4980 x
393 4985 479 5066 μίλιον
499 4981 665 5056 ἀκοόαῦθοις
685 4983 799 5066 δόγματι
817 4983 982 5068 μεταβάδδει
994 4981 1042 5049 καί
1056 4977 1137 5058 οῦνος
1151 4983 1180 5048 ἐν

394 5114 427 5192 τῇ
441 5109 564 5194 εἰρημένη
578 5109 641 5194 εόχη
654 5108 688 5175 τό
700 5107 734 5176 ‘0
747 5109 819 5183 θεὸς
831 5108 917 5193 ἡμῶν,
931 5111 971 5184 εἰς
983 5109 1016 5177 τό
1034 5108 1084 5176 Ti&
1097 5115 1180 5178 θεοῦ·

395 5233 452 5301 ε’πεί
475 5234 560 5319 άίλην
582 5261 611 5320 γε
628 5237 721 5301 αἰτίαν
736 5236 767 5301 δι’
791 5234 824 5320 ἣν
838 5236 888 5321 τίγν
904 5237 1033 5322 τααύνην
1050 5240 1181 5322 πεποίηκε

395 5362 555 5448 μεταβαίην,
570 5362 619 5428 οῦκ
634 5360 670 5428 όν
683 5364 768 5428 εἰπεῖν
781 5389 823 5438 τις
837 5364 900 5448 ἔχοι.

1992 717 2033 785 51

1305 919 1369 987 Καὶ
1388 925 1481 988 ταῦτα
1501 919 1585 1006 μένῦ
1607 921 1792 997 ἀτοπώτατος
1812 923 1970 1006 Βαρλαάμ·
1992 921 2031 989 τά

1242 1045 1273 1112 δέ
1286 1045 1334 1114 καί
1348 1048 1423 1115 αῦτό
1438 1049 1612 1124 όπεναντίοις
1630 1050 1683 1134 ἔχα
1696 1049 1812 1123 πάντας
1825 1055 1859 1132 τῇ
1872 1075 2030 1134 μακαριστη

1242 1179 1322 1259 φανῇ
1339 1179 1390 1240 τοῦ
1409 1177 1539 1260 θεμεδάου
1557 1180 1607 1260 τῆς
1624 1178 1744 1250 πάντεως
1758 1177 1870 1262 Πέτρου
1887 1180 1937 1242 τοῦ
1955 1203 2031 1260 κορν

1243 1304 1330 1386 φαίου
1343 1307 1400 1368 τῶν
1412 1308 1554 1387 μαθητῶν
1571 1300 1620 1368 καί
1633 1309 1674 1384 τῷ
1688 1303 1729 1368 ἐπ’
1747 1303 1817 1387 αἰπη
1831 1307 1880 1369 τοῦ
1895 1302 2031 1369 δεσπότου

1242 1434 1417 1513 μακαρισμοῦ.
1443 1427 1529 1513 όμέν
1550 1430 1604 1514 γάρ
1626 1431 1685 1496 εἶπε
1705 1430 1776 1513 πρὸς
1797 1429 1882 1496 αἰετόν
1901 1427 1947 1494 Σίι
1968 1425 2029 1494 εἶῦ

1243 1555 1369 1638 Χριστὸς
1390 1555 1406 1622 ὁ
1425 1555 1484 1632 νίός
1500 1561 1551 1622 τοῦ
1568 1561 1641 1624 θεοῦ
1658 1561 1708 1624 τοῦ
1728 1559 1842 1634 ζῶντος·
1862 1555 1878 1624 ὁ
1893 1553 1923 1621 δέ
1940 1554 2031 1639 κύριος

1244 1681 1315 1766 πρὸς
1330 1683 1414 1749 αἰτόν
1422 1684 1574 1768 Μακάριος
1587 1685 1715 1768 εἷΣίμαν
1727 1683 1784 1770 βάρ
1795 1685 1886 1758 Ἰωνᾶ,
1900 1679 1943 1749 ῦτι
1956 1681 2029 1764 σάρξ

1243 1807 2031 1895 καίαιᾏιαοῦκάπαιαῦιαμίσοαοὶἐάόπατόρμουόέν

1243 1947 1302 2011 τοῖς
1316 1936 1451 2021 οῦρανοῖς.
1466 1937 1540 2003 ἀλλὰ
1554 1934 1602 2002 καί
1616 1937 1645 2002 ἐν
1659 1944 1699 2018 τοῦ
1713 1937 1840 2024 ουμβόίεν
1851 1942 1900 2022 τῆς
1911 1937 2030 2010 πίστεως

1244 2064 1423 2148 Πιστεόομεν,
1445 2065 1564 2149 δέγομεν,
1585 2065 1624 2138 εἰς
1646 2063 1696 2129 ἐνα
1713 2065 1784 2132 θεόν
1801 2067 1911 2149 πατέρα
1929 2089 2030 2130 παντο

1243 2189 1368 2274 κράτορα
1382 2189 1429 2256 καί
1443 2193 1484 2266 εἰς
1496 2191 1546 2258 τόν
1559 2191 1618 2258 υἰόν
1631 2197 1681 2258 τοῦ
1693 2197 1765 2258 θεοῦ
1778 2191 1827 2258 τόν
1837 2193 1968 2276 μονογενῆ
1978 2189 2029 2258 τόν

1243 2317 1274 2382 ἐκ
1294 2321 1344 2383 τοῦ
1364 2317 1473 2402 πατρός
1494 2319 1664 2403 γεννηθέντα
1682 2317 1738 2403 πρό
1756 2319 1870 2384 πάντων
1887 2321 1945 2384 τῶν
1964 2315 2028 2382 αἰῶ

1243 2471 1307 2509 νοιν.
1327 2439 1370 2528 ἆρ’
1387 2438 1435 2511 οῦν
1449 2444 1482 2510 οῦ
1492 2444 1564 2512 θεὸν
1582 2446 1653 2510 εἶναι
1666 2445 1715 2512 τόν
1729 2445 1854 2530 Χριστόν
1868 2443 2027 2528 δοξάζομεν,

1243 2569 1302 2638 ἐπεὶ
1316 2572 1450 2638 πιστεύειν
1462 2569 1554 2656 φαμέν
1568 2573 1607 2646 εἰς
1619 2571 1669 2640 τόν
1680 2573 1740 2640 υἱόν
1753 2577 1803 2640 τοῦ
1816 2576 1901 2648 θεοῦς
1991 2561 1992 2564 ¹

1310 2697 1387 2783 Φησὶ
1405 2697 1434 2764 δέ
1448 2697 1510 2784 περὶ
1523 2705 1572 2785 τῆς
1585 2699 1713 2784 τααίτης
1726 2701 1802 2783 ἱεράς
1815 2704 1967 2784 προσευχῆς
1980 2695 2028 2765 καί

1244 2826 1260 2893 ό
1273 2825 1469 2910 χρυσορρὴμονν
1481 2823 1530 2892 καί
1540 2836 1621 2901 θεῖος
1632 2827 1797 2899 διδάσκαλος
1807 2827 1936 2910 Ἰωάννης
1945 2825 2028 2910 μονά-

1245 2955 1336 3030 ζουσιν
1350 2953 1514 3018 ἐπιστεδέαεν
1527 2953 1696 3038 Σχοδάσατε
1710 2953 1863 3028 διαπαντός
1877 2951 1925 3018 κυέ
1938 2981 2029 3038 παρα-

1244 3082 1355 3164 μείνατε
1375 3081 1458 3164 κυρίφ
1482 3085 1523 3162 τοῦ
1544 3085 1607 3162 θεῶ
1629 3079 1721 3165 ἡμῶν,
1747 3082 1799 3155 ἐοις
1821 3076 1854 3147 οῦ
1879 3081 2029 3164 οἰκτειρνβιη

1244 3205 1330 3291 ῦνᾶε
1358 3203 1406 3271 καὶ
1430 3204 1512 3290 μηδὲν
1539 3208 1630 3291 ἕτερον
1657 3207 1787 3291 ζηαίαν
1810 3206 1828 3292 ἰ
1849 3207 1933 3292 μόνον
1955 3207 2029 3282 ἕδεα

1245 3333 1326 3418 παρά
1344 3337 1394 3400 τοῦ
1407 3335 1500 3418 κυρίου
1518 3340 1567 3419 τῆς
1581 3335 1674 3419 δόξης·
1695 3338 1835 3419 ζητοῦντες
1849 3333 1879 3401 δέ
1892 3337 1978 3411 ἔδεις,
2000 3335 2029 3400 ἐν

1244 3467 1360 3544 ταπεινῇ
1378 3459 1426 3526 καί
1444 3461 1542 3545 ἐλεεινῇ
1562 3465 1663 3546 καρδίᾳ
1679 3465 1792 3546 ζητεῖτε,
1811 3459 1858 3528 καί
1870 3467 1956 3548 βοᾶτε
1970 3463 2029 3530 άπίι

1245 3585 1319 3673 προιί
1336 3588 1389 3662 ἕως
1406 3589 1533 3673 ἑσπέρας,
1555 3590 1582 3655 εἰ
1597 3588 1715 3656 δυνατόν
1732 3587 1781 3654 καί
1794 3585 1859 3674 όίην
1873 3589 1922 3675 τὴν
1934 3591 2028 3666 νύκτα,

1245 3717 1279 3783 τό
1292 3716 1380 3800 Κύριε
1391 3715 1488 3799 Ἰησοῦ
1501 3713 1608 3798 Χριστέ
1625 3714 1665 3782 υἰέ
1677 3721 1727 3782 τοῦ
1740 3721 1812 3781 θεοῦ
1825 3716 1935 3800 ὓέησον
1947 3715 2028 3801 ἡμᾶς.

1245 3847 1404 3927 παρακαλῶ
1423 3837 1470 3908 οῦν
1488 3841 1569 3926 ὑμᾶς,
1590 3842 1734 3928 βιάσασθε
1752 3841 1802 3910 τόν
1819 3848 1883 3909 νοῦν
1900 3841 1976 3927 ὑμῶν
1990 3845 2029 3919 εἰς

1245 3973 1328 4036 ταῦτα
1352 3969 1385 4036 τό
1413 3971 1491 4054 ἐργον
1519 3969 1571 4043 ἐονς
1595 3969 1735 4035 θανάτου.
1762 3975 1864 4055 nome
1890 3971 1944 4054 γάρ
1965 3973 2030 4056 βίοις

1244 4096 1335 4182 χρὴζα
1351 4096 1384 4163 τό
1406 4097 1483 4181 ἔργον
1501 4101 1596 4171 τοῦτο,
1617 4093 1759 4181 ότιστενη
1777 4097 1850 4163 ἐστιν
1868 4096 1967 4182 ἰγπόίη
1981 4096 2029 4164 καί

1245 4225 1410 4308 τεθίιμμεῦη
1424 4222 1441 4308 ἡ
1455 4221 1550 4308 όδὸςίγ
1565 4223 1716 4308 ἀπάγουσα
1729 4225 1768 4298 εἰς
1781 4223 1830 4309 τὴν
1845 4225 1924 4308 ζονίην,
1942 4222 1990 4290 καί
2004 4226 2037 4292 οἰ.

1245 4351 1400 4436 βιαζόμενα
1418 4352 1585 4436 εἰσέρχονται
1603 4351 1632 4416 ἐν
1651 4349 1732 4434 αῦτη·
1750 4355 1873 4436 βιαστῶν
1889 4351 1943 4436 γάρ
1957 4352 2029 4418 ἐστιν

1245 4477 1262 4563 ἡ
1281 4481 1409 4564 βασιλεία
1426 4483 1484 4544 τῶν
1501 4477 1634 4561 οἰνρανῶν.
1653 4483 1812 4562 παρακαλῶ
1826 4473 1874 4544 οἰνν
1886 4477 1971 4562 ῦμάς,
1992 4478 2041 4564 μὴ

1244 4607 1373 4690 χαρίζετο
1393 4605 1446 4680 τός
1467 4607 1586 4689 καρδίας
1606 4604 1682 4689 ῦμῶν
1705 4604 1764 4672 ἀπὸ
1785 4609 1835 4672 τοῦ
1854 4610 1933 4680 θεοῦ,
1956 4606 2041 4672 ciffi.

1245 4733 1411 4816 προσμεδενε
1432 4730 1480 4798 καί
1500 4733 1652 4816 ηυλόττετε
1672 4731 1756 4818 αῦτίην
1773 4733 1844 4816 μετὰ
1861 4737 1911 4816 τῆς
1927 4732 2030 4817 μνήμης

1245 4865 1295 4925 τοῦ
1315 4860 1408 4942 κυρίου
1429 4857 1506 4943 ἡμῶν
1523 4859 1611 4943 Ἰησοῦ
1631 4864 1757 4943 Χριστοῦ
1774 4859 1902 4934 πάντοτε,
1925 4860 1977 4934 ἐονς
1998 4855 2031 4926 ού

1247 4985 1406 5070 ἐμφυτευθῇ
1424 4985 1457 5052 τό
1476 4983 1565 5068 όνομα
1582 4991 1632 5052 τοῦ
1650 4989 1742 5070 κυρίου
1757 4985 1811 5052 ἐσοο
1826 4986 1855 5050 ἐν
1868 4990 1902 5070 τῇ
1915 4989 2029 5071 καρδίην·

1247 5110 1296 5178 καὶ
1312 5111 1395 5196 μηδὲν
1409 5112 1501 5194 ἕτερον
1515 5113 1630 5178 ἐννοεῖτε
1643 5110 1660 5196 ἐγ
1675 5111 1720 5178 ἵνα
1733 5118 1894 5197 μεγαλυνθῇ
1907 5113 2033 5196 Χριστός

1248 5239 1277 5304 ἐν
1296 5237 1366 5322 ῦμῖν.
1387 5243 1547 5322 παρακαδῶ
1566 5233 1614 5304 οῦν
1631 5237 1716 5322 ῦμῦς,
1738 5239 1787 5307 τὸν
1806 5240 1913 5306 κανόνα
1930 5241 2033 5323 ταύτης

1247 5371 1296 5450 τῆς
1318 5369 1470 5449 προσευχῆς
1487 5365 1621 5448 μηδένιοτε
1639 5365 1838 5449 καταπαόσητε
1856 5363 1873 5450 ἢ
1892 5393 2032 5452 καταφρο-

1695 5482 1731 5533 7*
