5244 6618
618 689 668 736 xil

617 868 668 938 11.
685 875 768 939 Ple.
788 876 921 940 17-77.
943 891 1150 942 curruoeus
1169 891 1372 940 sxnmarus
1388 892 1544 941 cumcun
1559 889 1971 942 rrscnsuuonrmuosuu
1986 895 2245 944 ursnromrucrs

1029 977 1303 1025 uurvrssrrsrrs
1320 977 1517 1026 nrrsrnusrs
1534 978 1606 1025 cun
1622 978 1829 1027 serenares.

1327 1071 1366 1121 A.
1385 1073 1530 1121 amca.

624 1166 660 1224 In
681 1175 751 1226 nuta
765 1167 923 1245 exponitur
941 1163 979 1224 de
999 1163 1098 1224 codice
1112 1164 1457 1244 Friderioo-Augnstano
1478 1174 1508 1226 et
1526 1165 1563 1224 de
1578 1165 1641 1226 cod.
1653 1153 1752 1226 Tiscb.
1765 1167 1800 1240 I.,
1821 1167 1872 1246 qui
1887 1175 2010 1248 uterque
2031 1168 2090 1226 iam
2156 1157 2209 1203 Μ·

771 1271 849 1310 anno
867 1251 957 1309 1846.
974 1249 1072 1308 editus
1087 1260 1132 1309 est
1190 1293 2091 1314 ..................
2162 1257 2199 1312 17

621 1334 703 1394 Cod.
721 1335 840 1396 Tisch.
856 1335 897 1397 11.
920 1335 1141 1415 palimpsestus,
1164 1335 1322 1414 rescriptas
1342 1335 1477 1396 Arabica.
1523 1335 1618 1395 Foliis
1640 1339 1677 1396 17
1700 1337 1867 1414 fragmenta
1885 1335 2092 1409 Numerorum,

772 1420 1010 1494 Deuteronomii,
1026 1420 1146 1494 Iosuae,
1162 1419 1299 1478 Iudicum
1314 1423 1511 1494 continentur,
1529 1419 1610 1480 edita
1623 1441 1642 1480 a
1656 1422 1740 1481 nobis
1755 1423 1787 1482 ιιι
1801 1422 1989 1500 Fragmentis
2004 1423 2092 1480 sacris

772 1507 971 1585 palimpsestis
985 1506 1003 1562 i.
1017 1524 1043 1563 e.
1055 1505 1208 1564 volumine
1221 1503 1244 1562 Ι.
1256 1505 1516 1565 Monumentorum
1532 1525 1602 1566 sacr.
1614 1505 1692 1566 incd.
1723 1505 1851 1586 Reliqua
1866 1507 1938 1566 folia
1953 1508 2092 1586 quinque,

771 1609 895 1670 quorum
916 1591 1061 1668 scriptura
1080 1591 1230 1648 sacculum
1249 1589 1328 1648 idem
1347 1609 1414 1649 cum
1428 1590 1574 1669 prioribus
1589 1591 1607 1649 i.
1619 1611 1644 1650 c.
1661 1593 1817 1670 septimum
1831 1591 1942 1670 prodit,¹
1964 1591 2003 1650 ad
2017 1611 2091 1670 opus

770 1675 955 1754 grammatici
969 1675 1134 1753 argumenti
1146 1675 1215 1734 olim
1226 1677 1439 1752 pertinuerunt.
1462 1676 1622 1736 Praeterea
1631 1677 1662 1735 in
1672 1677 1856 1756 marginibus
1866 1677 1978 1736 scholia
1989 1677 2092 1753 legun-

771 1770 820 1819 tur
834 1759 937 1820 cadem
949 1779 1015 1818 cum
1026 1767 1111 1819 textu
1123 1761 1309 1839 antiquitate,
1320 1779 1498 1842 quamquam
1510 1759 1570 1820 alia
1580 1781 1670 1821 mann
1682 1762 1798 1842 scripta
1814 1761 1990 1842 Explicatur
2001 1763 2090 1820 etiam

773 1845 809 1904 de
824 1844 961 1904 Arabicis
976 1846 1092 1904 saeculo
1107 1852 1141 1903 ut
1156 1844 1273 1904 videtur
1288 1865 1365 1905 nono
1380 1865 1470 1925 supra
1484 1847 1607 1926 scriptis.
1645 1847 1761 1906 Horum
1781 1847 1948 1926 exemplum
1967 1845 2001 1904 cl.
2014 1846 2091 1904 Fici-

769 1931 855 1990 scber
869 1931 1110 1990 commentationi
1125 1949 1195 1989 suae
1210 1949 1245 1989 eo
1260 1931 1324 1990 loco
1339 1929 1485 1990 indicatae
1496 1931 1612 1991 adiecit.
1630 1931 1769 1992 Ceterum
1779 1933 1947 2010 nuperrime
1959 1929 2088 1990 ciusdem

771 2015 878 2074 codicis
893 2015 965 2074 folia
978 2014 1038 2073 alia
1052 2035 1105 2073 sex
1120 2036 1139 2074 a
1152 2014 1236 2074 nobis
1250 2025 1369 2095 reperta
1382 2025 1464 2088 suut,
1479 2025 1513 2076 ιιι
1526 2016 1742 2076 indicavimus
1733 2037 1764 2076 ιιι
1778 2016 1894 2076 Notitia
1908 2025 1962 2075 etc.
1974 2037 2002 2096 p.
2012 2017 2091 2078 48..
2118 2018 2241 2074 17-19

624 2097 704 2157 Ood.
718 2099 836 2159 Tisch.
852 2101 908 2160 III
925 2108 1065 2199 quattuor
1084 2099 1163 2158 feliis
1181 2101 1377 2180 palimpsestis
1392 2109 1519 2176 constat,
1542 2111 1667 2181 utraque
1686 2103 1832 2180 scriptura
1847 2099 1973 2172 Graeca,
1993 2102 2090 2180 priore

768 2186 934 2263 argumenti
945 2185 1087 2263 patristici
1101 2185 1250 2244 saeculum
1260 2199 1381 2257 nonum,
1390 2188 1484 2246 altera
1494 2187 1632 2265 liturgica
1641 2186 1846 2246 duodecimum
1857 2206 1928 2266 prae
1938 2205 1969 2244 se
1980 2185 2094 2244 ferente
2119 2187 2242 2244 19-20

620 2265 702 2327 Ood.
718 2268 835 2328 Tisch.
849 2269 902 2328 IV.
915 2269 1007 2330 codex
1020 2277 1158 2349 quattuor
1170 2271 1518 2356 evangeliorumrntcgcr
1528 2293 1592 2331 cum
1605 2271 1813 2332 additamentis
1823 2271 1963 2350 pluribus
1976 2269 2090 2328 decimo

771 2355 888 2414 saeculo
908 2355 1043 2434 scriptus.
1084 2355 1258 2414 Affcruntur
1279 2355 1348 2414 inde
1370 2357 1521 2435 primum
1544 2359 1726 2438 exempla
1700 2357 1853 2416 svnaxarii
1873 2365 1903 2416 et
1920 2355 2088 2434 monologii,

770 2449 843 2498 turn
864 2449 943 2498 totus
957 2439 1116 2519 Hippolyti
1131 2439 1267 2500 Thebani
1283 2440 1319 2500 dc
1331 2442 1506 2520 genealogia
1520 2441 1632 2502 Mariae
1647 2415 1779 2515 libellus;
1800 2443 1911 2501 tertio
1930 2442 1996 2500 loco
2012 2459 2089 2499 com·

768 2533 889 2604 paratur
909 2525 1036 2604 epistula
1055 2525 1177 2584 Eusebii
1198 2523 1236 2583 ad
1252 2525 1433 2606 Carpianum
1452 2545 1516 2585 cum
1536 2527 1615 2586 edito
1634 2527 1849 2586 Lachmeunit
1837 2535 1937 2600 textu,
1960 2535 2088 2606 quarto

768 2610 943 2669 exscribitur
956 2629 1143 2688 programma
1159 2609 1237 2690 quod
1253 2610 1360 2670 dicitur
1375 2611 1412 2671 de
1427 2613 1583 2688 evangelio
1599 2631 1664 2671 cum
1679 2612 1857 2690 appendice,
1877 2611 2003 2690 quinto
2019 2609 2088 2668 affe·

767 2703 873 2754 runtur
887 2715 990 2754 versus
1005 2695 1035 2754 in
1046 2693 1232 2754 Matthaeum
1247 2697 1360 2776 scripti,
1376 2698 1446 2756 item
1459 2697 1509 2756 alii
1524 2698 1555 2756 ιιι
1566 2697 1698 2756 Marcum
1709 2699 1741 2773 ¹),
1756 2697 1787 2755 in
1798 2696 1921 2770 Lucam,
1937 2696 1968 2754 in
1981 2693 2088 2754 Iohan-

766 2799 848 2851 nem,
871 2801 937 2839 cum
956 2781 1034 2839 notis
1054 2779 1091 2838 de
1113 2781 1236 2858 singulis
1257 2782 1429 2859 evangeliis.
1466 2781 1632 2862 Denique
1651 2781 1737 2862 plura
1751 2783 1886 2840 lectionis
1901 2779 2036 2860 exempla
2050 2799 2088 2838 ex

767 2865 830 2943 ipso
846 2865 1066 2942 evangeliorum
1082 2873 1165 2924 textu
1181 2865 1371 2944 adponuntur
1393 2907 2087 2930 ..............
2113 2865 2204 2920 20-
2198 2867 2236 2920 29

619 2943 702 3004 Cod.
715 2945 832 3011 'l'isch
845 2947 883 3009 V.
898 2951 1117 3028 palimpsestus,
1134 2949 1304 3010 bisGraece
1318 2953 1453 3030 scriptus.
1480 2953 1565 3011 Prior
1580 2955 1722 3032 scriptura
1736 2971 1806 3011 nour
1799 2951 1883 3010 fere
1898 2949 2006 3008 saeculi
2022 2969 2087 3006 con-

765 3035 878 3094 tinebat
893 3035 1166 3112 evangelistarium,
1183 3036 1276 3094 altera
1290 3037 1455 3096 duodecimi
1470 3037 1581 3096 saeculi
1595 3039 1775 3116 psalterium.
1814 3035 1862 3094 Ex
1878 3035 1955 3094 hoc
1946 3035 2088 3112 imprimis

765 3119 887 3179 affertur
901 3120 1080 3198 psalmorum
1096 3121 1218 3199 trrgrn
1200 3119 1381 3198 (te-79)
1397 3143 1465 3181 cum
1476 3123 1624 3182 Vaticana
1639 3122 1768 3182 edrtrone
1783 3121 1934 3182 collatio.
1980 3165 1986 3176 .
2032 3169 2037 3178 .
2082 3119 2239 3176 ‚rs-34

614 3199 833 3265 CodTisch.
846 3204 899 3264 VI.
925 3213 1040 3263 constat
1064 3207 1155 3264 variis
1181 3205 1258 3264 foliis
1284 3207 1437 3276 tredecim,
1465 3207 1624 3266 uncialium
1647 3206 1779 3267 codicum
1805 3215 1919 3284 septem
1944 3205 2086 3284 reliquiis,

765 3289 817 3348 A:
843 3289 1010 3368 fragmenta
1035 3289 1115 3348 vitac
1133 3290 1269 3368 Gregorii
1292 3293 1483 3350 Nazianzeni.
1522 3293 1572 3350 B.:
1597 3295 1763 3371 fragmenta
1789 3292 1931 3350 orationis
1957 3289 2088 3348 eiusdem

767 3373 911 3453 Gregorii.
949 3375 1064 3433 Horum
1080 3385 1205 3454 utraque
1220 3396 1331 3436 nonum
1350 3379 1502 3436 sacculum
1522 3377 1658 3456 produnt.
1695 3375 1745 3436 O.:
1763 3375 1886 3435 duarum
1902 3375 2088 3434 homiliarum

765 3460 932 3538 fragmenta
950 3460 1074 3539 septimo
1094 3459 1156 3520 fere
1176 3461 1294 3520 saeculo
1316 3462 1432 3541 scripta.
1469 3461 1522 3520 D.:
1538 3463 1690 3540 patristica
1711 3460 1856 3542 quaedam
1876 3459 1986 3520 saeculi
2005 3459 2084 3518 noni.

763 3543 813 3604 Er
836 3545 1002 3623 fragmenta
1020 3546 1157 3623 liturgica
1179 3545 1284 3604 decimi
1304 3545 1368 3605 fere
1388 3547 1505 3606 saeculi.
1542 3549 1590 3606 R:
1613 3549 1812 3626 fragmentum
1832 3545 2008 3617 lectionarii,
2029 3564 2087 3624 quo

764 3640 898 3708 superest
908 3627 1000 3688 Hebr.
1015 3635 1041 3702 1,
1053 3633 1164 3689 3-12.
1188 3631 1303 3690 Textus
1315 3639 1393 3690 totus
1405 3632 1573 3710 adponitur.
1598 3631 1649 3694 G.:
1665 3632 1864 3710 fragmentum
1878 3631 1944 3689 libri
1960 3628 2090 3706 liturgici
2113 3631 2237 3686 ‘st-3⁸

614 3711 696 3770 Cod.
710 3710 829 3773 Tisch.
842 3715 911 3774 VII.
927 3716 1036 3774 saeculi
1052 3716 1149 3794 quarti
1164 3713 1278 3775 decimi.
1302 3715 1408 3776 Insunt
1423 3717 1497 3777 varii
1508 3717 1657 3790 Aristidis,
1674 3717 1837 3790 Plutarchi,
1853 3715 1985 3786 Libauii,
2001 3715 2087 3772 Nice-

765 3799 849 3878 phori
865 3799 1132 3879 Greguraelibelli.
1162 3801 1253 3860 Plura
1268 3821 1305 3860 ex
1321 3801 1444 3880 siugulis
1460 3803 1620 3882 specimina
1634 3803 1767 3862 lectionis
1782 3802 1945 3860 afferuntur
1977 3845 1982 3856 .
2029 3841 2036 3855 .
2082 3799 2237 3857 ..ts-43

614 3883 697 3942 Ood
710 3883 829 3944 Tiscb.
842 3883 928 3944 Vm.
946 3885 1055 3944 saeculi
1076 3886 1152 3945 sexti
1172 3885 1290 3958 decimi,
1312 3889 1464 3946 continens
1484 3889 1684 3968 anthologiam
1704 3909 1720 3946 e
1741 3886 1929 3966 scriptoribus
1950 3883 2086 3952 classicis,

764 3969 988 4030 ecclesiastistis
1010 3969 1123 4030 biblicis
1143 3931 1295 4030 collectanl
1339 4013 2087 4034 ...............
2113 3967 2237 4024 43-44

614 4051 698 4115 Cod.
712 4053 827 4116 Tisch.
841 4055 898 4118 IX.
910 4057 1000 4114 variis
1013 4055 1146 4136 partibus
1161 4055 1350 4115 chartaceis·
1335 4067 1457 4116 constat.
1481 4057 1599 4116 Prima
1615 4059 1711 4138 quarti
1726 4058 1775 4115 vel
1791 4056 1886 4135 quinti
1902 4055 2008 4114 decimi
2023 4071 2084 4110 sae·

764 4139 823 4198 culi
835 4142 965 4199 continet
979 4149 1090 4198 tomum
1102 4141 1295 4220 synodicum'
1287 4163 1317 4199 ιιι
1330 4141 1518 4200 Berisamum
1531 4153 1561 4202 ct
1572 4142 1763 4221 Acindynum
1775 4161 1852 4199 anno
1867 4141 1945 4199 1341
1958 4137 2086 4218 promul-

763 4233 876 4304 gatum.
913 4226 974 4284 Iste
993 4225 1111 4284 libellus
1130 4225 1187 4284 huc
1205 4246 1300 4306 usque
1319 4226 1448 4285 ineditus
1468 4227 1556 4304 plene
1572 4247 1610 4286 ex
1625 4227 1727 4286 codice
1742 4225 1959 4298 exscribitur2).
1997 4221 2086 4295 Quod

762 4319 916 4410 postquam
937 4309 1048 4369 factum
1068 4319 1144 4384 erat,
1166 4329 1231 4370 eum
1251 4321 1351 4370 nostro
1372 4310 1471 4370 codice
1488 4309 1689 4371 Oxouiensem
1707 4309 1895 4369 Laudianum
1915 4306 2084 4369 LXXXII

744 4395 871 4474 passim
893 4395 1089 4466 conferentes,
1110 4414 1255 4476 nusquam
1274 4396 1338 4457 fere
1358 4397 1521 4474 scripturae
1536 4397 1733 4455 differentiam
1748 4393 1885 4452 vidimus.
1922 4391 2086 4452 Confirmat

765 4477 944 4539 Oxouiensis
961 4479 1037 4538 liber
1051 4482 1140 4540 etiam
1154 4479 1184 4539 id
1200 4481 1301 4560 quod
1292 4503 1325 4540 ιιι
1339 4479 1403 4543 cod
1419 4489 1518 4540 nostro
1533 4481 1657 4559 legitur:
1680 4479 1713 4544 τὸ
1728 4479 1866 4560 εἰρημένοι
1880 4502 1921 4556 τῳ
1908 4475 1982 4540 διὰ
1997 4475 2085 4557 ther

763 4563 956 4645 διιμαμιιφ
929 4590 980 4647 την
995 4566 1164 4644 κιᾲιακιι
1130 4591 1180 4646 της
1194 4571 1378 4646 πνευματικῆς
1394 4564 1562 4649 ἀναβάσεως
1583 4585 1650 4644 pag.
1664 4567 1713 4624 52.
1730 4565 1784 4624 col.
1799 4569 1825 4620 1.
1841 4571 1969 4621 excunte
2028 4605 2033 4618 .
2081 4561 2237 4618 ,44-45

716 4649 752 4707 In
768 4649 883 4710 altera
897 4649 1029 4708 eiusdem
1040 4650 1148 4709 codicis
1158 4659 1242 4727 parte
1254 4659 1338 4728 praet
1339 4671 1370 4709 cr
1384 4651 1537 4726 liturgicas
1549 4651 1691 4710 formulas
1702 4646 1843 4728 quasdam
1853 4648 1937 4706 varia
1948 4647 2087 4705 historica

762 4737 910 4814 leguntur,
931 4735 1093 4794 similia''11s
1108 4755 1185 4815 quae
1200 4735 1280 4813 apud
1294 4737 1392 4796 varios
1407 4735 1562 4814 scriptores
1577 4734 1760 4814 Byzantinos
1775 4733 1812 4791 de
1827 4733 1949 4792 historia
1962 4717 2110 4810 patriar-

763 4819 884 4880 charum
900 4819 1111 4899 Alexandriae,
1128 4819 1305 4880 Antiochiae
1320 4832 1376 4883 etc
1391 4821 1540 4898 leguntur.
1579 4819 1706 4880 Tertia
1726 4839 1795 4898 pars
1814 4819 1946 4877 continet
1965 4817 2085 4875 threnos

761 4905 857 4966 Issaei
871 4905 1093 4979 Anaehoretae,
1116 4924 1203 4983 quar
1209 4914 1244 4963 ta
1257 4906 1396 4984 liturgica
1409 4905 1494 4965 varia
1507 4905 1750 4984 interpretatione
1766 4901 1895 4962 Arabica
1909 4903 2082 4982 plerumque

763 4990 893 5052 adiecta·
887 4991 1037 5090 ,qnipta
1051 5009 1193 5049 ιιιιοιιιιιι
1208 4989 1375 5064 triadicum,
1392 5009 1467 5068 opus
1483 4989 1635 5049 cuiusdam
1650 4987 1889 5067 Metrophanis,
1881 5007 1911 5046 ιιι
1926 4989 1985 5045 tine
1999 4985 2084 5042 muti-

762 5075 832 5136 lum.
871 5074 982 5152 Quod'
973 5097 1005 5136 ιιι
1020 5075 1149 5134 secunda
1170 5083 1252 5152 parte
1272 5037 1380 5153 legitul
1394 5075 1552 5134 Iustiniani
1567 5074 1753 5154 imperatoris
1768 5071 1805 5132 de
1820 5071 1960 5132 coenobio
1975 5070 2083 5128 montis

761 5159 895 5221 Sinaitici
910 5161 1069 5232 decretum,
1084 5179 1152 5239 pag.
1166 5161 1214 5218 56.
1232 5168 1262 5218 et
1277 5179 1335 5240 seq.
1352 5161 1440 5239 plens
1455 5159 1622 5240 adponitur,
1638 5159 1767 5218 collato
1760 5177 1879 5236 insuper
1893 5155 1993 5214 codice
2006 5173 2084 5212 nuuc

760 5246 923 5308 Dresdenai
938 5246 1008 5306 olim
1023 5244 1166 5304 Sinaitico
1230 5283 2086 5308 .................
2111 5239 2235 5298 55-57

712 5391 733 5452 ¹)
751 5391 812 5450 Peg.
827 5394 866 5440 st.
880 5392 926 5438 lin.
939 5390 1023 5438 scribe
1034 5387 1146 5452 μυηθεὶς
1161 5401 1207 5450 pro
1217 5387 1338 5452 μνηθιις.

710 5473 732 5536 ¹)
750 5473 812 5536 Pae.
826 5477 866 5524 ιι.
880 5477 927 5523 col.
943 5479 964 5522 1.
978 5475 1021 5521 lin.
1036 5477 1058 5523 ι.
1072 5475 1105 5522 ab
1118 5476 1167 5521 imo
1181 5473 1264 5521 scribe
1277 5469 1415 5529 ἐξιιάιυιιι
1430 5477 1456 5522 οι
1471 5487 1529 5533 pag.
1542 5473 1583 5520 62.
1597 5474 1643 5522 cot.
1657 5474 1679 5519 2.
1693 5472 1736 5518 lin.
1751 5473 1791 5518 ts.
1805 5470 1862 5517 dele
1875 5475 1994 5528 puuctum
2007 5473 2064 5528 port
2077 5464 2200 5528 λέγοντες.
