5244 6618
595 719 639 786 46

598 925 648 999 κὸς
670 925 851 1007 ἀνακινηθείη
873 922 963 1008 λόγος,
983 920 1021 1006 μή
1040 918 1133 995 ἄλλως
1150 925 1250 988 τοῦτον
1264 921 1386 1003 ίρμηνευ

600 1053 709 1119 ίτωσαν
733 1049 751 1135 ή
772 1050 812 1125 ἀς
832 1048 869 1116 ἀν
890 1051 917 1116 οἱ
938 1053 988 1135 τῆς
1008 1049 1154 1132 ένοιλησίας
1173 1053 1319 1132 φωστῆρες
1338 1043 1387 1112 καὶ

600 1179 762 1246 διδάσκαλοι
786 1178 832 1244 διά
853 1183 911 1243 τοῖν
931 1179 1038 1244 οάιείων
1060 1175 1282 1262 σιηγραμμάτων
1302 1174 1387 1259 παρέ

599 1317 696 1382 θοντο,
724 1302 773 1370 καί
799 1309 906 1389 μᾶλλον
933 1305 963 1369 ῖν
987 1303 1095 1378 τοότοις
1120 1303 1348 1387 εόδοκιμείτωσαν
1368 1297 1386 1385 ἢ

599 1434 697 1519 λόγους
722 1433 837 1506 οῖκειόνς
863 1431 1075 1507 συντάττοντες,
1104 1431 1177 1497 ἔστιν
1202 1429 1249 1498 ότι
1274 1429 1390 1516 ἀπόρως

601 1563 709 1648 ἔχοντες
726 1559 797 1644 πρὸς
815 1563 906 1634 τοῦτο,
932 1559 1116 1625 ἀποπόττοιεν
1129 1563 1179 1624 τοῦ
1193 1555 1389 1643 προσήκοντος.

601 1689 648 1755 διά
662 1688 717 1774 γάρ
730 1691 779 1772 τῆς
792 1692 849 1752 τοῖν
857 1685 1058 1771 προειρημένων
1068 1689 1198 1770 πατερων
1208 1685 1391 1758 διδασκαλίας

602 1818 630 1884 οῖ
650 1813 714 1882 λαοί
732 1815 761 1881 όν
779 1815 876 1900 γνοίσει
895 1811 1028 1898 γινόμενοι
1046 1817 1104 1879 τάν
1122 1839 1152 1878 τε
1166 1815 1328 1880 σπουδαίων
1341 1809 1390 1878 καὶ

602 1947 721 2030 αἱρετῶν
742 1939 866 2008 καὶτῶν
888 1938 1058 2024 ἀσυμφόρων
1084 1935 1132 2006 καί
1154 1939 1320 2026 ἀποβλήτων
1339 1939 1390 2006 τόν

601 2076 663 2159 βίον
682 2069 935 2156 μεταρρνθμίζουσι
957 2067 1028 2152 πρὸς
1045 2067 1079 2136 τό
1096 2069 1203 2153 βελτιον
1221 2065 1269 2134 καί
1286 2073 1327 2150 τῷ
1341 2071 1390 2151 τῆς

603 2201 718 2286 ἀγνοίας
735 2197 785 2282 οόγ
804 2195 965 2263 ἀλίσκονται
982 2190 1087 2270 πάθει,
1111 2194 1185 2260 ἀλλά
1207 2196 1390 2280 προσέχοντες

602 2333 637 2411 τῇ
659 2325 825 2408 διδασκαλίᾳ
842 2321 958 2396 ίαντοός
975 2319 1047 2406 πρὸς
1062 2321 1096 2388 τὸ
1114 2321 1152 2406 μή
1170 2327 1265 2396 κακῶς
1283 2331 1391 2388 παθεῖν

602 2452 810 2538 παραθήγουσι,
835 2448 884 2516 καὶ
911 2447 992 2535 φόβφ
1014 2454 1071 2515 τάν
1096 2449 1287 2534 ε’πηριημενων
1309 2475 1389 2534 τιμω-

601 2587 669 2667 ριῶν
682 2580 732 2665 τήν
747 2579 886 2662 σωτηρίαν
900 2577 995 2650 αι’ποῖς
1009 2576 1209 2662 ἐξεργάζονται.

668 2706 754 2775 Μετά
774 2707 866 2790 μέντοι
884 2703 935 2788 τήν
955 2703 1111 2790 ἀνάγνωσιν
1129 2710 1186 2770 τῶν
1202 2704 1295 2770 αότοῖν
1309 2705 1389 2790 ιἐριόν

602 2835 651 2904 καὶ
664 2836 753 2902 θείειν
773 2831 898 2899 κανόνων
916 2834 1162 2915 προωιομίσθησαν
1180 2829 1226 2897 ι’πί
1243 2837 1293 2900 τοῦ
1306 2835 1390 2917 μέσου

603 2963 640 3039 ἀς
653 2962 670 3030 ό
683 2959 830 3046 Βαρλαάμ
844 2958 967 3043 φθάσας
985 2957 1135 3042 ἐποιήσατο
1151 2957 1301 3044 ἀναφορὰς
1314 2960 1390 3027 κατά

603 3096 661 3158 τάν
687 3093 825 3174 μοναγοῑν.
849 3083 897 3152 καί
923 3085 1160 3170 ἀναγνωσθεισῶν
1181 3092 1239 3152 τῶν
1258 3086 1390 3154 παιόνων

604 3219 759 3302 ἀγωνιῶν
785 3210 948 3298 τενθείαν
976 3209 992 3278 ὃ
1021 3211 1187 3296 διαληφθεὶς
1212 3209 1390 3300 ῑεεοιόναιος

603 3343 695 3429 κέρως
708 3349 740 3408 Γ
736 3337 860 3427 ρηγόριος
880 3339 896 3407 ό
912 3345 1059 3423 Παλαμᾶς
1076 3339 1126 3425 τήν
1144 3341 1185 3406 ἀπ’
1203 3341 1302 3416 ω’νταῖς
1314 3341 1389 3427 ποιή

603 3482 718 3540 σασθαι
735 3469 890 3552 ἀπολογίαν
911 3466 951 3540 ὡς
969 3467 1054 3534 αἰτοῦ
1071 3468 1194 3552 μόλιοτα
1208 3472 1390 3555 καθαπτομέ-

602 3627 672 3674 ναις.
687 3597 763 3671 ὅστις
776 3591 824 3662 καί
837 3594 923 3661 εἰπάν
937 3595 966 3660 έν
979 3597 1129 3680 παροιμίαν
1142 3595 1214 3680 λόγῳ
1228 3594 1276 3662 καί
1288 3597 1389 3664 ἀπολο

602 3725 756 3813 γησάμενος
783 3721 839 3792 ὅσα
865 3723 946 3818 ξίκός,
976 3723 1072 3790 ἔπειτα
1099 3723 1247 3808 διηγήσατο
1274 3723 1323 3790 καί
1350 3724 1390 3802 ἀς

603 3855 746 3938 ἐπισυνέβη
768 3851 807 3918 τά
828 3857 877 3936 τῆς
898 3851 991 3918 αότοόν
1013 3855 1163 3934 διαφορᾶς·
1186 3854 1322 3937 προτέρου
1340 3859 1391 3920 τοῦ

603 3982 689 4048 αὐτοῦ
707 3977 855 4063 Βαρλαάμ
873 3978 1106 4063 συγγραψαμελον
1125 3976 1173 4043 καὶ
1187 3980 1389 4064 κατηγορήσαν-

603 4135 653 4182 τος
671 4107 765 4174 αὐτῶν
780 4103 853 4190 ἅπερ
868 4105 998 4190 ἀνωτέρω
1013 4103 1126 4190 εἴρηται,
1140 4103 1188 4172 καί
1202 4107 1316 4174 ε’ναντία
1331 4121 1390 4182 τοῖς

602 4239 661 4301 τάν
682 4234 813 4317 πατέρων
825 4234 917 4306 θείοις
937 4233 1028 4316 λόγοις
1047 4232 1087 4306 ἀς
1105 4232 1260 4318 ἀπεδείχθη
1279 4235 1390 4319 ε’κθεμέ

602 4387 660 4437 νον,
682 4357 730 4426 καὶ
750 4358 789 4433 ὡς
808 4359 838 4436 ἔξ
856 4359 979 4443 ἀνάγκης
996 4357 1045 4424 καὶ
1063 4359 1149 4434 αότός
1166 4359 1238 4445 πρὸς
1255 4361 1305 4446 τήν
1320 4362 1389 4428 ἀπο-

602 4491 698 4574 λογίαν
712 4484 760 4553 καὶ
775 4486 931 4570 ἀντίρρησιν
944 4488 1089 4569 κεκίνηται

660 4615 778 4682 Ἔπειτα
803 4612 914 4697 ὡρίσθη
940 4612 1089 4697 ένεχθήναι
1110 4613 1149 4680 τά
1170 4619 1220 4681 τοῦ
1242 4617 1390 4700 Βαρλαάμ

602 4743 813 4829 συγγράμματα,
835 4739 856 4806 ἀ
876 4738 925 4806 καί
945 4739 1016 4824 πρὸς
1038 4741 1181 4825 ε’ξαπάτην
1200 4748 1257 4808 τῶν
1277 4743 1389 4811 ἀκουόν

602 4897 659 4935 των
667 4869 758 4935 Κατά
768 4873 966 4935 Μνισαλιανιόν
980 4869 1142 4954 ἀπέγραφεν.
1158 4869 1187 4934 όν
1201 4871 1243 4945 οἷς
1256 4872 1390 4957 συγγροίμ-

601 5023 687 5081 μασιν
713 4997 786 5081 ἔλεγε
812 4993 861 5062 καὶ
888 4993 952 5080 περὶ
978 5001 1029 5063 τοῦ
1050 4997 1204 5082 ἀπροσίτου
1225 4999 1320 5083 φωτός
1340 5005 1390 5084 τῆς

601 5123 844 5208 μεταμορφώσεως
861 5128 910 5190 τοῦ
924 5125 1060 5192 δεσπότου
1074 5130 1199 5210 σωτῆρος
1211 5125 1288 5210 ήμοῖν
1300 5127 1390 5210 Ἰησοό

602 5255 730 5336 Χριστοῦ
743 5247 792 5316 καί
805 5255 863 5316 τῶν
876 5256 926 5336 τῆς
939 5255 989 5319 τοῦ
1001 5251 1098 5336 φωτός
1111 5252 1210 5320 τοίπον
1224 5255 1299 5328 θέας
1312 5254 1389 5338 ήξιω

601 5379 691 5461 μένων
711 5379 867 5462 προκρίτων
889 5384 1029 5464 μαθητοόν
1051 5379 1138 5446 αάτοά
1156 5377 1204 5447 καί
1222 5380 1389 5448 ἀποστόλων

600 5505 704 5582 λέξεσιν
718 5505 818 5580 αόταῖς
832 5505 912 5572 τάδε·
938 5505 981 5573 Τὸ
995 5505 1179 5594 ῖνΘαβωράρ
1192 5508 1313 5592 λάμιμαν
1325 5513 1389 5592 φοῖς

1454 916 1503 984 οάκ
1518 919 1670 1004 ἀπρόσιτον
1683 915 1724 1004 ἦν,
1744 919 1806 988 οόδὲ
1820 922 1897 986 κατά
1912 921 2050 1004 ἀλήθειαν
2062 919 2167 1006 όπήργε
2181 925 2245 1004 φυός

1453 1045 1600 1129 θεότητος,
1615 1045 1678 1114 οόδὲ
1692 1047 1815 1133 ἀγγελκον
1825 1045 1898 1124 ὅλως
1909 1049 2053 1134 ἱερώτερον
2063 1046 2080 1132 ή
2093 1048 2246 1132 θειότερον,

1455 1172 1530 1238 ἀλλά
1547 1174 1595 1240 καὶ
1615 1185 1707 1258 χεῖρον
1726 1173 1775 1241 καὶ
1789 1175 1947 1260 καττίτερον
1961 1173 2009 1242 καῖ
2023 1175 2109 1259 αότής
2123 1181 2173 1259 τῆς
2185 1173 2246 1259 ἡμε·

1456 1302 1540 1386 τέρας
1558 1303 1686 1386 νοήσεως.
1701 1303 1798 1369 πάντα
1817 1303 1871 1388 γάρ
1889 1303 1927 1368 τά
1945 1329 1976 1369 τε
1993 1303 2121 1387 νοήματα
2140 1301 2188 1369 καί
2207 1301 2246 1370 τά

1455 1427 1592 1512 νοοόμενα
1609 1431 1760 1514 σεμνότερά
1779 1431 1838 1497 ίστι
1855 1435 1905 1496 τοῦ
1923 1429 2019 1514 φωτός
2036 1431 2138 1496 ε’κείνοο
2157 1429 2246 1512 ἀςτή

1457 1553 1524 1640 όψει
1544 1557 1591 1624 διά
1613 1561 1662 1623 τοῦ
1684 1557 1766 1641 ἀέρος
1787 1560 2012 1642 προσπιπτουτος
2029 1555 2077 1623 καί
2090 1549 2247 1641 ἀίσθητικῇ

1457 1685 1570 1768 δυνάμει
1589 1683 1796 1759 όποπόττοντος
1817 1683 1865 1751 καῖ
1884 1683 1922 1750 τά
1942 1683 2070 1768 αι’σθητά
2087 1685 2162 1768 μόνα
2180 1691 2247 1750 δειν-

1456 1812 1554 1887 νόντος
1572 1823 1631 1886 τοῖς
1645 1811 1755 1896 ὁρῶσιν,
1777 1811 1869 1877 όλικοῡ
1882 1837 1913 1876 τε
1927 1809 2008 1887 ὄντος
2021 1811 2070 1878 καὶ
2084 1812 2245 1897 ίαγημοτισ·

1456 1941 1547 2024 μόνον,
1568 1936 1617 2006 καὶ
1638 1939 1667 2004 ε’ν
1687 1939 1766 2020 τόπῳ
1787 1937 1835 2004 καί
1858 1939 1996 2024 ε’νχρόνφ
2013 1943 2179 2025 φαινομένου
2197 1936 2246 2006 καί

1456 2066 1506 2136 τόν
1521 2067 1593 2151 ἀέρα
1605 2069 1840 2154 χρωματιῒοντος,
1862 2065 1910 2132 καί
1923 2072 1972 2132 τόν
1984 2065 2034 2151 μὲν
2048 2069 2246 2152 συνισταμένων

1457 2219 1488 2260 τε
1507 2191 1556 2260 καί
1576 2194 1751 2279 φαινομένου,
1774 2197 1822 2260 νόν
1843 2191 1874 2258 δὲ
1894 2196 2072 2278 διαλοομόον
2090 2193 2138 2261 καὶ
2156 2197 2195 2269 είς
2211 2194 2246 2262 τό

1456 2320 1577 2408 μήελναι
1593 2327 1749 2406 χωροῦντος
1768 2319 1820 2388 ἀτε
1833 2326 1999 2406 φανταστοῦ
2011 2327 2139 2405 μεριστοῦ
2152 2348 2183 2388 τε
2196 2319 2246 2389 καί

1456 2451 1673 2533 πεπερασμενοο.
1692 2447 1734 2514 διό
1753 2447 1801 2514 καί
1814 2447 1953 2533 ὁρεόμενον
1966 2443 1999 2533 ήν
2012 2447 2067 2516 όπό
2081 2455 2139 2515 των
2152 2451 2245 2535 στέρη-

1456 2603 1500 2643 σιν
1520 2575 1689 2660 πασχόντων
1709 2581 1766 2642 τοῖν
1786 2580 1890 2660 νοεριόν
1911 2576 2065 2660 ἐνεργειῶν,
2086 2581 2192 2658 μᾶλλον
2215 2575 2246 2643 δὲ

1455 2705 1568 2788 μηδέπω
1590 2703 1697 2778 ταότας
1715 2700 1787 2777 ὅλως
1800 2705 1980 2786 κτησαμένων
1999 2701 2048 2769 καὶ
2065 2703 2148 2788 μήπω
2167 2731 2245 2770 κεκα-

1456 2833 1608 2916 θαρμίνων
1626 2829 1727 2905 όντων,
1747 2831 1821 2896 ἀλλά
1841 2829 1948 2896 ἀτελων
1960 2827 2009 2896 καί
2023 2830 2065 2895 ἀπ’
2082 2832 2169 2916 αότής
2182 2833 2246 2898 εἰιεί-

1455 2987 1505 3043 της
1517 2965 1567 3044 τῆς
1581 2955 1626 3024 ε’πί
1640 2963 1689 3024 τοῦ
1702 2956 1784 3042 ὅρους
1798 2959 1873 3032 θέας
1886 2956 1926 3032 ἀς
1938 2960 2051 3041 μηδέπω
2063 2959 2246 3036 ἀξιωθεντων

1456 3092 1506 3170 τῆς
1523 3091 1580 3152 τάν
1593 3089 1728 3152 θεοειδοῖν
1742 3087 1869 3170 νοήσεων.
1890 3086 2059 3170 ἀναγόμεθα
2077 3085 2106 3152 δὲ
2122 3087 2246 3154 ἀπὸτοῦ

1456 3213 1581 3280 τοιοότον
1606 3213 1702 3298 φωτὸς
1728 3211 1773 3279 ε’πῖ
1794 3213 1921 3296 νοήματα
1942 3210 1990 3279 καί
2012 3214 2202 3299 θεωρήματα,
2224 3213 2246 3280 ἀ

1456 3343 1570 3424 κρείττω
1592 3337 1666 3406 ἐστίν
1687 3341 1859 3426 ἀσυγκρίτως
1879 3345 1929 3408 τοό
1946 3341 2042 3426 φωτὸς
2060 3343 2169 3408 ἐκείνου.
2192 3369 2246 3408 τοι·

1453 3474 1560 3554 γαροόν
1580 3469 1607 3533 οἱ
1626 3469 1750 3551 λέγοντες
1771 3467 1840 3535 αότά
1862 3466 1931 3552 όπὲρ
1953 3474 2018 3534 νοῦν
2040 3466 2088 3534 καί
2108 3469 2245 3552 ἀληθινόν

1455 3594 1504 3662 καί
1525 3595 1677 3679 ἀπρόσιτον
1698 3593 1746 3661 καὶ
1766 3594 1805 3660 τά
1826 3600 1952 3670 τοιαῦτα,
1972 3597 2174 3680 πεπλανημένοι
2192 3594 2245 3664 είσί

1457 3722 1601 3800 καθάπαξ
1619 3719 1668 3788 καὶ
1687 3721 1765 3790 οὐδὲν
1779 3727 1836 3788 τῶν
1850 3724 2022 3806 φαινομένων
2036 3729 2130 3788 καλῶν
2143 3723 2246 3807 όιμηλό-

1456 3876 1536 3934 τερον
1549 3850 1659 3926 εἰδότες,
1674 3850 1784 3936 ἀσεβεῖς
1797 3877 1828 3916 τε
1841 3850 1888 3915 διά
1899 3855 1981 3917 τοῦτο
1992 3847 2040 3916 καὶ
2048 3851 2246 3934 ἀλεθριοίτατα

1456 3977 1585 4063 δόγματα
1598 3979 1637 4052 εἰς
1651 3977 1700 4062 τήν
1714 3978 1859 4061 ἀαιλησιάν
1870 3977 2035 4062 είσάγοντες.

1523 4111 1626 4172 Ταῦτα
1647 4102 1697 4190 μὲν
1718 4099 1765 4172 οόν
1794 4105 1989 4189 όΒαρλαάμ,
2010 4104 2159 4190 ίτερόδοξα
2179 4131 2245 4189 προ-

1456 4232 1546 4318 δήλως
1563 4231 1611 4298 καὶ
1631 4233 1744 4300 ε’ναιτία
1763 4245 1822 4308 τοῖς
1840 4229 1967 4316 περὶτοῦ
1982 4235 2063 4298 θείειν
2076 4233 2175 4298 τοίνυν
2188 4258 2246 4316 φω-

1456 4361 1505 4435 τός
1532 4367 1644 4444 ῥηθεῖσι
1661 4359 1743 4445 παρά
1769 4365 1827 4426 τῶν
1852 4359 1950 4444 ἀγίων·
1978 4361 2084 4426 τοότων
2107 4359 2161 4444 γάρ
2182 4348 2246 4433 ταῖς

1456 4488 1550 4573 ῥήσεσι
1577 4489 1714 4572 σόμφωνα
1739 4486 1971 4572 διαβεβαιούμενοι
1992 4485 2039 4552 καῖ
2064 4497 2175 4571 φρονεῖν
2197 4485 2246 4552 καὶ

1456 4618 1541 4701 λέγειν
1561 4617 1588 4681 οῖ
1607 4613 1724 4699 μοναχοί
1745 4615 1854 4690 ταότας
1874 4611 1923 4680 καί
1943 4614 2155 4700 προεβάλλοντο.
2177 4611 2245 4699 φησί

1456 4745 1547 4810 τοίνυν
1577 4741 1592 4810 ό
1619 4741 1650 4806 ἐκ
1673 4746 1832 4826 Δαμασκοῦ
1858 4751 1939 4816 θεῖος
1961 4741 2092 4825 Ἰωάννης
2117 4742 2246 4827 Σήμερον

1456 4870 1552 4955 φωτὸς
1574 4870 1727 4953 ἀπροσίτου
1749 4869 1884 4956 ἀβνσσος·
1906 4869 2024 4954 σήμερον
2046 4867 2141 4954 αἴγλης
2160 4871 2246 4944 θείας

1456 4998 1534 5083 γόοις
1548 4997 1739 5082 ἀπεριόριστος
1753 4997 1782 5062 έν
1796 5001 1837 5079 τῷ
1854 4998 1964 5084 Θαβάρ
1978 5003 2019 5079 τῷ
2033 4996 2090 5080 όρει
2102 5007 2162 5071 τοῖς
2176 4997 2245 5063 ἀπο-

1457 5126 1566 5199 στόλοις
1589 5125 1746 5210 αόγάζεται
1768 5130 1817 5191 τόν
1838 5124 1942 5210 ἀράθη
1963 5124 2002 5190 τά
2023 5134 2082 5198 τοῖς
2100 5124 2245 5208 ἀνθρωπί-

1456 5281 1514 5328 νοις
1528 5253 1645 5319 ἀθέατα
1659 5251 1775 5336 ὄμμασι·
1791 5256 1873 5334 σοῑμα
1887 5252 1977 5334 γήινον
1991 5253 2077 5317 θείειν
2089 5251 2246 5335 ἀπαιηάζεε

1455 5379 1651 5467 λαμπρότητα·
1673 5383 1757 5463 σῶμα
1779 5378 1886 5462 θνητόν
1908 5378 1995 5456 δόξαν
2013 5381 2128 5462 πηγάζει
2146 5379 2245 5462 θεότη-

1455 5534 1511 5583 τος.
1526 5507 1542 5576 ό
1556 5507 1611 5592 γάρ
1625 5505 1706 5592 λόγος
1719 5507 1805 5588 σάρξ,
1823 5505 1840 5590 ἡ
1855 5501 1929 5590 σάρξ
1942 5532 1973 5571 τε
1985 5503 2067 5590 λόγος
2081 5505 2199 5591 ἐγένετο,
2219 5507 2246 5572 εί
