5284 6620
2005 671 2045 736 97

409 893 512 979 έγιδμὴ
528 890 613 958 αὐτὸν
628 892 698 956 εἶναι
710 889 759 956 τὸν
774 887 920 955 ἀνώτατον
934 883 982 952 καὶ
996 885 1208 969 παντοδίναμον
1221 884 1304 958 θεόν,
1324 881 1403 949 καθδ
1422 880 1620 966 ἆπρίγνωστός
1639 875 1758 946 ἐστικαὶ
1777 875 1875 961 ἀτελής
1893 874 1940 941 καὶ
1959 875 2049 958 ἐνδεής

409 1019 457 1086 καὶ
470 1020 520 1086 ου’νκ
534 1017 649 1103 ἀγαθὸς
662 1015 710 1083 καί
723 1021 837 1090 πολλοῖς
849 1013 1026 1098 ὑποκείμενος
1044 1012 1153 1078 πάθεσι
1171 1011 1247 1078 κακοὶ
1265 1009 1315 1094 τήν
1333 1009 1466 1094 ὑμετέραν
1483 1009 1605 1094 γραφήν,
1627 1007 1718 1090 ἕτερος
1735 1004 1850 1078 πάντως
1867 1006 2051 1086 περιλεόιεται

409 1147 626 1233 προγνωστυιός,
639 1144 754 1218 τελειος,
770 1142 909 1226 ἀνενδεής,
926 1140 1052 1225 ἀγαθός,
1072 1137 1120 1205 καί
1134 1139 1241 1212 παντὸς
1254 1135 1371 1212 ποίθους
1385 1137 1602 1221 οἷπηλλαγμενος.
1624 1133 1657 1202 δν
1670 1131 1700 1199 δὲ
1713 1133 1748 1200 σδ
1761 1133 1817 1218 φής
1829 1130 1990 1216 δημιουργὸν
2003 1125 2052 1194 καὶ

410 1275 557 1358 δπέρθεον,
572 1282 631 1345 τοῖς
644 1271 777 1344 έναντιδις
792 1269 974 1352 ἀποκείμενος
986 1267 1111 1352 ὑπάρχει

516 1400 631 1466 Αότίκα
650 1403 715 1482 γοῦν
734 1397 749 1465 ὁ
763 1397 832 1462 καθ’
850 1395 979 1480 ὁμοίωσιν
988 1392 1012 1479 ¹)
1028 1435 1037 1448 -
1052 1435 1062 1444 -
1076 1394 1198 1475 θανάτῳ
1212 1393 1427 1471 καταδικάζεται
1440 1433 1449 1444 -
1464 1433 1473 1444 -
1488 1390 1546 1459 έπεί
1559 1391 1596 1476 μή
1610 1393 1756 1474 πανταχοῦ
1769 1391 1862 1474 filine
1880 1384 1925 1452 έπὶ
1943 1391 1977 1468 τή
1996 1389 2054 1450 τῶν

412 1528 549 1613 Σοδόμων
567 1529 758 1610 καταστροφῇ,
773 1525 842 1607 λέγει
855 1521 999 1606 Καταβάς
1012 1519 1122 1606 όψομαι
1140 1523 1167 1587 εί
1182 1520 1258 1586 κατὰ
1276 1561 1286 1571 -
1303 1519 1379 1586 -ἓκαί
1396 1521 1430 1587 τδ
1448 1521 1532 1586 εἰπεῖν
1551 1516 1613 1603 περὶ
1631 1522 1681 1584 τοῦ
1692 1515 1787 1600 Ἀδιίμ
1800 1555 1809 1566 -
1824 1555 1834 1565 -
1847 1515 1946 1598 μήπως
1959 1553 1968 1563 -
1983 1553 1992 1564 -
2006 1509 2054 1578 καὶ

412 1655 512 1740 φαγιδν
527 1654 637 1738 ζήσεται
651 1653 690 1726 είς
702 1652 838 1726 παίωνα,
854 1651 1020 1734 ἀγνοοῦντος
1033 1677 1057 1714 κ.
1065 1658 1120 1733 ηιθ.
1128 1649 1186 1716 ε’στι
1199 1648 1342 1732 σύμβολον.
1357 1645 1451 1731 ὥσπερ
1465 1644 1513 1712 καί
1527 1644 1744 1728 τδἘνεθυμήθη
1754 1685 1780 1694 --
1791 1640 1838 1708 καί
1848 1640 2055 1726 τδὈσφροίνθη

412 1781 507 1848 --καί
521 1780 554 1848 τδ
568 1781 650 1854 τέλος
663 1785 714 1864 τῆς
728 1778 810 1862 δπομ
825 1777 861 1862 μή
876 1777 1042 1862 προειδότος.
1524 1857 1525 1860 ¹

517 1907 550 1975 '0
572 1905 602 1972 δέ
621 1908 732 1990 Πέτρος
753 1906 804 1989 ἔφη
825 1905 896 1988 πρὸς
917 1903 1002 1970 αίπόν
1024 1901 1130 2010 (1706.
1145 1929 1192 1986 πρ.
1207 1903 1256 1970 τὸν
1270 1899 1403 1988 Σίμωνα)
1424 1902 1462 1966 Εί
1480 1901 1583 1986 τυφλὸς
1603 1942 1612 1952 -
1631 1941 1640 1951 -
1662 1905 1725 1974 πῶς
1746 1897 1934 1982 έντθλόμευος
1952 1895 1968 1963 ό
1987 1895 2057 1968 θεὸς

415 2038 546 2102 ἐδείκνυεν
564 2035 641 2114 αὐτῷ
659 2036 745 2119 λέγων
757 2031 831 2098 Ἀπδ
851 2029 880 2096 δὲ
898 2036 947 2098 τοῦ
954 2028 980 2118 ²)
1000 2073 1010 2083 -
1029 2029 1130 2096 -καίδ
1146 2031 1257 2114 Πέτρος
1271 2033 1344 2104 Πῶς
1357 2071 1367 2080 -
1382 2069 1392 2080 -
1406 2030 1479 2113 εἶχον
1497 2027 1657 2113 ἀνεωγότας
1676 2067 1709 2078 --
1728 2031 1810 2110 δήλου
1829 2025 1969 2092 ἐντεῦθεν·
1989 2023 2058 2088 εἶδεν

417 2160 524 2249 (1706.
539 2165 633 2244 δῆλον·
648 2157 760 2246 ἰδοῦσα)
776 2156 871 2224 --καλ
886 2155 994 2244 (1706.
1010 2154 1088 2242 om.)
1104 2151 1208 2242 ὡραῖόν
1223 2159 1280 2223 ε’στι
1293 2161 1343 2223 τοῦ
1361 2167 1566 2223 κατανοεῖσθαι
1585 2151 1693 2241 (1706.
1709 2150 1835 2240 νοῆσαι)
1855 2194 1888 2204 -·
1907 2149 1955 2218 καί
1974 2153 2058 2216 έδωκε

417 2286 524 2374 (1706.
540 2285 615 2352 add.
631 2283 692 2372 καί)
709 2291 749 2366 τῷ
764 2283 843 2370 ἀνδρί
858 2286 944 2370 αέπῆς
956 2285 1012 2370 μετ’
1030 2285 1116 2368 αότής
1131 2280 1239 2370 (1706.
1255 2283 1389 2366 ο111.μετ’
1407 2281 1491 2369 οιίντ.)
1507 2285 1533 2348 εί
1544 2279 1592 2350 οἷον
1606 2322 1615 2333 ·
1630 2323 1639 2334 -
1654 2289 1753 2368 γνῶσιν
1768 2283 1840 2368 είχον
1858 2285 1945 2346 καλοῦ
1963 2305 1994 2344 τε
2011 2274 2059 2343 καί

416 2421 516 2490 κακοῦ,
536 2414 604 2498 ὄψιν
623 2411 653 2478 δὲ
672 2409 779 2498 (1706.
795 2409 842 2478 καλ
860 2409 903 2480 ὅτι
920 2409 1002 2499 ὄψιν)
1023 2412 1141 2478 ἕκαστον
1159 2410 1263 2491 (1706.
1278 2407 1362 2497 -στα)
1381 2450 1391 2460 -
1409 2452 1418 2462 -
1437 2417 1536 2495 γνῶσιν
1555 2411 1734 2495 ἀδιάφθορον
1752 2411 1890 2494 παρέσχεν
1908 2409 2059 2488 -·τυφλοῦ

417 2547 492 2627 δίκην
513 2539 620 2626 (1706.
636 2541 686 2606 δίκ.
702 2544 794 2623 τυφλ)
813 2581 823 2591 -
838 2580 847 2590 -
866 2537 914 2605 καί
933 2539 966 2606 τδ
982 2534 1091 2624 (1706.
1107 2535 1170 2626 τὸν)
1186 2539 1261 2604 πάνυ
1274 2539 1407 2623 γνυίριμον
1421 2578 1431 2588 -
1444 2579 1454 2590 -
1469 2534 1557 2612 οἷτως
1571 2532 1619 2604 οὖν
1633 2536 1681 2604 καὶ
1695 2537 1711 2604 ὁ
1723 2536 1839 2620 Ἀδοὶμ-
1854 2577 1863 2588 -
1879 2535 2060 2618 διεγερθησαν

419 2668 525 2750 (1706.
540 2665 636 2752 διηγ.)
655 2666 688 2733 τδ
706 2667 761 2751 γὰρ
775 2669 922 2751 Διηνοίχθ.
939 2665 1032 2732 αὐτῶν
1050 2667 1077 2732 οἱ
1090 2663 1237 2750 ὀφθαλμοὶ
1250 2706 1259 2718 -
1273 2707 1283 2717 -
1299 2667 1471 2750 ἐγγενομένην
1486 2661 1593 2750 (1706.
1609 2661 1738 2750 ε’γγινομ)
1753 2705 1762 2716 -
1777 2705 1786 2715 -
1800 2662 1946 2748 παρευθδς
1960 2659 2014 2744 γὰρ
2027 2699 2036 2709 ·
2051 2700 2060 2708 -

418 2798 574 2882 πλήττεται

524 2920 587 2988 Καὶ
605 2921 621 2989 ὁ
636 2924 733 3005 Σίμων
751 2923 835 3004 φησίν
848 2922 886 2986 Εἰ
902 2920 1057 3004 πρόγνωσιν
1076 2916 1178 3007 εἶχενῧ)
1198 2961 1207 2970 -
1221 2961 1231 2970 -
1250 2917 1298 2985 καί
1316 2919 1332 2988 δ
1348 2921 1459 3004 Πέτρος
1479 2916 1586 3004 (1706.
1603 2918 1678 2984 add.
1693 2916 1781 3006 τίοιεν)
1797 2960 1806 2970 -
1820 2960 1829 2970 -
1848 2915 1916 3004 φησὶ
1929 2914 1999 3000 πρδς
2013 2913 2062 2982 τδν

421 3044 939 3136 (1706.φησ1τῲ)Ἀβρ.Γινοίσκων
956 3049 1071 3132 γίνωσκε
1089 3090 1099 3100 -
1115 3089 1124 3101 -
1143 3049 1326 3115 δουλώσουσιν
1345 3047 1425 3129 αὐτῷ
1446 3041 1506 3132 (ita
1526 3044 1745 3132 (1611111706.)
1766 3049 1812 3132 ἔτη
1831 3055 1860 3132 γ’
1880 3042 1986 3132 (1706.
2002 3039 2061 3128 κγ’)

419 3219 452 3230 --
467 3177 737 3261 ἀποστραφήσονται
750 3169 846 3260 οἶδε’)
862 3173 940 3242 οίπω
954 3175 1009 3260 γδρ
1024 3177 1278 3260 οἱναπεπλήρωνται
1292 3177 1323 3242 αἱ
1336 3175 1471 3260 ἁμαρτίαι
1484 3180 1541 3241 τοῖν
1553 3175 1729 3260 Ἀμορραίων
1744 3175 1797 3249 ίως
1810 3179 1859 3241 τοῦ
1873 3179 1928 3240 νῦν.
1944 3171 2016 3240 οὕτω
2031 3173 2064 3257 δή

420 3304 468 3371 καί
482 3303 554 3389 πρὸς
568 3305 695 3370 Μωυσέα
709 3305 792 3386 φησίν
804 3301 875 3369 Ἰδοὺ
890 3303 924 3370 σδ
938 3309 1072 3387 κοιμοῖσαι
1084 3304 1155 3387 μετὰ
1169 3309 1226 3370 των
1239 3305 1369 3386 πατερων
1383 3329 1448 3379 σου,
1464 3300 1512 3368 καί
1527 3303 1656 3377 ἀναστὰς
1674 3301 1690 3369 δ
1708 3303 1778 3377 λαός
1796 3297 1876 3377 οὗτος
1894 3302 2065 3385 έκπορνείσει

421 3434 512 3499 ὀπίσω
526 3434 605 3496 θεῶν
620 3431 773 3514 ἀλλοτρίων
786 3434 836 3512 τῆς
849 3434 898 3514 γῆς
912 3431 951 3503 είς
963 3428 997 3514 ήν
1011 3431 1199 3514 εἰσπορεύεται
1212 3431 1273 3506 ἐκεῖ,
1289 3429 1336 3496 καί
1350 3431 1588 3515 έγκατολείψουσί
1596 3457 1630 3514 με
1643 3429 1692 3496 καὶ
1706 3429 1932 3498 διασκεδάσουσιν
1945 3429 1995 3513 τήν
2009 3437 2065 3496 δια·

421 3559 513 3644 θήκην
527 3585 579 3641 μου
592 3557 626 3641 ήν
641 3557 770 3639 διεθήυγν
786 3555 888 3630 αὐτοῖς.
902 3555 950 3622 καλ
964 3553 1167 3642 όργισθήσομαι
1175 3563 1260 3641 θυμῷ
1273 3556 1322 3622 καί
1335 3561 1501 3640 καταλείψω
1513 3556 1614 3631 αὐτοὺς
1626 3553 1674 3622 καί
1685 3556 1859 3641 οἱποστρέψω
1871 3557 1904 3623 τὸ
1915 3557 2066 3640 πρόσωπόν

421 3713 474 3771 μου
492 3685 541 3752 ἀπ’
563 3684 670 3758 αίπῶν,
691 3681 739 3749 καὶ
757 3684 836 3750 ἔσται
849 3683 1039 3769 κατόβρωμα,
1060 3683 1108 3750 καὶ
1122 3683 1279 3768 εὑρήσουσιν
1294 3685 1379 3752 αι’πδν
1393 3683 1469 3750 κακὰ
1482 3683 1582 3750 πολλό.
1605 3685 1669 3750 οῖδα
1683 3683 1738 3768 γὰρ
1752 3683 1802 3768 τήν
1815 3687 1949 3768 πονηρίαν
1964 3684 2065 3757 αὐτῶν,

423 3811 479 3880 ὅσα
498 3815 621 3879 ποιοῦσιν
639 3805 694 3876 ὦδε
711 3811 829 3894 σήμερον
846 3810 903 3894 πρὸ
920 3815 970 3878 τοῦ
988 3812 1144 3896 εἰσαγαγεῖν
1161 3838 1195 3894 με
1209 3810 1310 3885 αότοδς
1323 3814 1362 3886 είς
1375 3811 1425 3896 τήν
1439 3816 1488 3896 γήν
1502 3809 1551 3896 τήν
1566 3810 1683 3896 ἀγαθήν
1696 3810 1730 3894 ήν
1743 3809 1842 3893 οίμοσο
1855 3821 1913 3884 τοῖς
1926 3812 2067 3894 πατράσιν

424 3940 517 4006 αίιτοῖν
536 3944 643 4013 δοῦναι,
670 3943 719 4022 γῆν
739 3939 857 4021 ῥέουσαν
875 3939 950 4023 γέλα
968 3935 1016 4004 καί
1037 3939 1108 4022 μελε.
1130 3935 1178 4004 καὶ
1197 3937 1335 4024 φαγόντες
1352 3935 1400 4004 καί
1418 3939 1623 4022 ε’μπλησθεντες
1641 3940 1877 4022 έγκαταλείψδυσί
1890 3964 1932 4021 με.
1968 3939 2008 4003 Τί
2023 3939 2068 4014 δίς

424 4062 483 4149 οὐχί
502 4062 550 4130 καὶ
565 4069 691 4148 Μωυσῆς
710 4059 818 4148 (1706.
835 4061 934 4150 Μωσ.)
954 4105 988 4116 ·-
1006 4067 1045 4139 είς
1062 4065 1101 4154 τοὶ
1119 4066 1190 4148 ἔθνη
1209 4063 1305 4130 ποίντα
1324 4066 1481 4151 διασπορὰν
1498 4065 1562 4132 --δ
1580 4063 1610 4131 δέ
1625 4069 1751 4149 Μωυσῆς
1764 4063 1811 4130 καί
1825 4067 1851 4131 οί
1866 4061 1972 4148 (1706.
1989 4063 2066 4153 0111.)

425 4191 504 4258 ἄλλοι
522 4191 737 4274 --προήδεισαν
759 4186 866 4276 (1706.
882 4189 1111 4280 προεγίνωσκον)Ι
1131 4198 1194 4266 πῶς
1212 4233 1245 4244 --
1263 4192 1301 4258 τοὶ
1320 4193 1438 4277 ἐσόμενα
1454 4187 1562 4278 (1706.
1578 4193 1615 4260 τοὶ
1629 4191 1777 4278 μελλοιτα)
1792 4233 1802 4244 ·
1817 4233 1826 4244 -
1840 4191 1946 4276 καλμέν
1960 4188 2067 4278 (1706.

424 4315 531 4404 μέντοι)
547 4344 577 4402 γε
591 4314 639 4382 καί
653 4317 686 4384 τὸ
699 4318 843 4402 Ἐπείραζε
861 4345 885 4384 τ.
899 4319 978 4404 Ἀβρ.
993 4317 1041 4386 καί
1058 4320 1091 4387 τὸ
1104 4320 1272 4404 Ὀσφρυίνθη
1292 4316 1348 4404 (**
1364 4329 1396 4383 et
1413 4319 1502 4384 1706.
1519 4317 1623 4406 ὥσςορ.)
1643 4317 1690 4385 καὶ
1708 4319 1764 4386 ὅσα
1781 4325 1910 4396 τοιαῦτα,
1934 4347 2069 4405 συγκατα-

378 4487 380 4492 ·
425 4450 547 4531 βαταωίς
569 4439 676 4530 (1706.
693 4443 873 4532 σωματικοῖς)
893 4445 940 4511 διδ
959 4487 992 4497 -·
1006 4445 1058 4531 Μή
1076 4447 1202 4532 φάγομαι
1219 4449 1379 4530 -·πίομαι,·
1398 4443 1469 4514 ὅθεν
1482 4446 1499 4514 δ
1514 4447 1544 4524 ἐξ
1558 4447 1644 4514 αὐτοῦ
1659 4443 1766 4532 (1706.
1781 4447 1812 4524 έξ
1826 4447 1886 4514 αδτ.
1900 4446 1929 4528 ό)
1944 4447 1999 4531 πρὸ
2013 4452 2070 4512 τῶν

426 4613 435 4622 -
451 4613 460 4622 -
475 4572 490 4638 ὁ
504 4571 598 4657 πατήρ
611 4570 688 4655 ὑμῶν
702 4571 718 4637 δ
734 4571 790 4656 οδρ.
805 4569 848 4638 ὅτι
860 4599 904 4657 χρ.
918 4573 992 4640 τοίπ.
1007 4574 1122 4640 πάντων
1139 4568 1246 4658 (1706.
1260 4569 1378 4660 ἁπάντ.)
1394 4572 1459 4658 πρῖν
1475 4573 1561 4642 αδτδν
1575 4571 1731 4658 αι’τήσησθε
1746 4571 1853 4660 (1706.
1863 4569 2008 4660 σασθαι).
2022 4571 2070 4639 καὶ

427 4709 485 4773 τοῖς
500 4695 608 4783 (1706.
624 4696 698 4762 add.
713 4695 764 4784 μή)
779 4701 934 4784 νομιζουσιν
948 4696 1040 4784 ὅτιμή
1057 4694 1165 4785 (1706.
1182 4697 1259 4786 om.)
1275 4701 1372 4766 πάντα
1385 4743 1394 4752 -
1409 4742 1418 4754 -
1434 4701 1575 4768 ἀποδώσει
1591 4699 1698 4786 (1706.
1714 4699 1790 4766 add.
1804 4699 1878 4784 ὑμῖν)
1893 4701 1922 4764 έν
1936 4741 1946 4750 -
1961 4741 1971 4750 -
1985 4700 2070 4784 διηγίν

427 4852 502 4910 ρευεν
526 4821 632 4910 (1706.
648 4822 766 4910 ρευσεν)
789 4825 804 4892 ὁ
826 4825 998 4901 θεόςἜλεος
1020 4823 1127 4910 (1706.
1143 4827 1202 4912 -ον)
1225 4829 1303 4896 θελει
1327 4824 1434 4913 (1706.
1450 4824 1560 4912 θέλων)
1582 4825 1630 4892 καί
1652 4828 1684 4893 οίν
1704 4829 1810 4900 θυσίας
1832 4822 1939 4912 (1706.
1954 4829 2014 4893 -ίαν
2036 4835 2072 4891 ut

482 5056 499 5114 ¹)
513 5050 618 5120 Incipit
630 5049 658 5106 h.
670 5049 687 5106 1.
699 5049 805 5106 Homil.
817 5051 872 5120 111,
888 5051 930 5106 39.
961 5049 1103 5108 Convenit
1119 5057 1214 5107 autem
1339 5055 1358 5118 ³)
1372 5051 1416 5106 ef.
1429 5052 1466 5108 ed
1478 5051 1551 5108 haee
1562 5051 1645 5107 Hom.
1654 5050 1711 5118 111,
1723 5049 1765 5104 42.

429 5135 609 5191 haectenus
625 5151 692 5204 pere
709 5139 860 5206 tantopere
879 5151 942 5189 eum
955 5134 1078 5191 cedreni
1094 5136 1167 5192 libro
1184 5141 1217 5191 ut
1338 5137 1360 5210 ⁴)
1373 5136 1530 5210 Sequentia
1546 5153 1637 5208 usque
1654 5135 1722 5190 dum
1738 5140 1783 5190 eet
1797 5139 1832 5188 Τί
1841 5137 1881 5200 de·
1898 5136 1929 5190 in
1941 5133 2072 5192 Cedreno

430 5237 465 5276 εε
480 5225 593 5274 tentum
608 5219 769 5276 exscribere
787 5226 915 5292 praestet
930 5237 1005 5294 quae
1023 5221 1217 5292 aliquomodo
1288 5240 1346 5278 non
1369 5222 1517 5292 legentum
1542 5223 1645 5276 desunt
1666 5221 1752 5275 etiem
1772 5220 1802 5274 in
1822 5221 1885 5276 eod.
1908 5221 1978 5292 Imp.
1999 5221 2072 5277 1706.

431 5303 564 5360 differant
575 5304 620 5360 vel
632 5305 669 5359 ad
687 5305 888 5376 corrigendum
901 5304 1091 5360 Homilierum
1108 5311 1217 5361 textum
1288 5305 1397 5361 Prima:
1416 5305 1553 5360 οὔπΉοῦ
1569 5309 1613 5360 νῦν
1631 5323 1696 5360 eum
1708 5303 1814 5360 Homil.
1831 5305 1880 5363 11.
1895 5305 2073 5362 conveniunt

430 5390 526 5446 velere
537 5389 696 5446 videantur.
1290 5387 1394 5447 Cetera
1407 5389 1443 5446 ef.
1457 5409 1520 5446 eum
1533 5391 1650 5446 Deuter.
1661 5391 1694 5446 31
1701 5431 1708 5460 ,
1722 5391 1838 5447 16-21.

481 5477 501 5542 ¹)
515 5472 559 5529 Of.
572 5474 609 5529 ed
621 5475 694 5530 haee
707 5474 812 5530 11οωὶ1.
824 5475 879 5544 ΙΠ,
891 5475 933 5528 42.

1741 5603 1771 5650 13
