5244 6618
993 749 1174 812 CODICES
1197 749 1365 811 GRAECI.
1982 749 1999 812 7

353 956 468 1040 Addua,
491 955 569 1020 item
590 978 621 1019 v.
644 953 695 1018 37.
719 976 791 1018 eum
815 951 930 1017 eodem
954 950 1042 1017 solus
1066 959 1253 1038 corruptam
1274 948 1447 1015 lectionem
1467 952 1548 1016 77070
1570 951 1604 1016 δέ
1622 945 1696 1038 (pro
1718 949 1771 1024 θὲς
1792 947 1859 1038 dtr)
1884 961 1999 1016 tuetur.

354 1081 464 1162 Quum
486 1104 563 1146 vero
586 1080 681 1168 plura
702 1080 767 1146 0170
789 1087 914 1144 tantum
935 1101 1001 1143 non
1016 1077 1105 1144 solus
1121 1077 1286 1164 praebeat,
1310 1086 1346 1142 ut
1364 1100 1417 1142 vv.
1432 1077 1483 1142 45.
1498 1079 1550 1143 47.
1566 1076 1617 1141 42.
1641 1077 1697 1142 ubi
1718 1076 1817 1143 habet
1834 1081 1873 1154 εἰς
1892 1081 2000 1163 στήλην,

353 1210 481 1275 ἐκάλεσεν
504 1211 541 1284 δέ,
561 1209 652 1294 ἐχθές,
670 1231 723 1272 77.
739 1207 780 1272 37
801 1215 834 1270 07
847 1205 898 1270 46.
918 1204 975 1270 ubi
995 1207 1113 1270 omittit
1129 1203 1172 1272 ὅτι
1190 1214 1223 1270 07
1237 1206 1302 1280 ἐκεῖ,
1325 1213 1393 1269 tum
1409 1202 1517 1268 multis
1536 1203 1617 1270 10077
1632 1203 1728 1292 plene
1743 1205 1878 1292 propria
1892 1203 1999 1288 habet,

354 1345 389 1400 ut
412 1359 442 1400 7.
458 1335 508 1400 33.
532 1336 660 1418 εἰσῆλθεν
681 1337 727 1408 εἰς,
751 1358 782 1398 7.
802 1333 852 1398 37.
875 1333 1031 1418 (quisquae
1051 1329 1181 1418 (reliqui
1199 1333 1364 1417 νἠηεύνησας,
1386 1331 1442 1396 elii
1460 1341 1527 1395 tres
1551 1327 1726 1416 νἠρεύαηκας),
1749 1329 1870 1397 ibidem
1886 1330 2002 1416 εὕρηκας

355 1458 486 1548 (reliqui
500 1457 603 1548 εὗρες),
618 1485 648 1524 7.
665 1460 715 1526 38.
733 1462 763 1526 αἱ
776 1461 839 1545 βόες
855 1455 929 1546 (pro
946 1456 1088 1546 αἱαῖηες),
1103 1484 1134 1523 7.
1150 1460 1201 1524 41.
1216 1469 1275 1534 τοῖς
1289 1459 1425 1544 πρόβασιν
1441 1455 1572 1544 (reliqui
1585 1485 1609 1524 7.
1624 1455 1802 1544 προβάτοις),
1818 1483 1848 1522 7.
1864 1459 1915 1523 43.
1932 1461 1952 1526 d
1967 1462 2001 1528 σὺ

353 1588 423 1674 ὁρᾷς
441 1587 494 1655 ὅλα
515 1585 589 1674 (pro
609 1587 665 1655 ὅσα
679 1587 714 1654 σὺ
727 1583 825 1673 ὁρᾷς),
847 1609 877 1650 7.
892 1585 944 1650 44.
960 1587 1096 1672 burdinus
1111 1585 1320 1670 drudpodpeda
1339 1580 1469 1690 (reliqui
1484 1590 1629 1670 ὀναθῶμαι
1643 1583 1695 1651 vel
1710 1587 1884 1670 διαθώμεθα
1899 1588 2000 1670 διαθή-

353 1712 426 1800 κην),
445 1739 475 1780 7.
492 1715 543 1779 44.
564 1737 627 1779 om.
644 1712 683 1779 7777
704 1709 763 1798 (770
783 1715 880 1778 etiem
900 1711 955 1777 0177
975 1713 1054 1798 duo,
1075 1712 1135 1778 sed
1154 1721 1310 1798 sequente
1329 1711 1345 1779 ὁ
1360 1711 1496 1798 stetu),
1511 1736 1541 1775 7.
1556 1713 1608 1778 47.
1625 1713 1799 1780 indiscreti
1813 1713 1901 1796 ὄνομα
1917 1715 2002 1780 αὐτοῦ

356 1839 430 1928 (pro
447 1843 521 1908 tacti.
537 1838 647 1927 αὐτόν).

461 1965 614 2033 Ceterum
636 1967 766 2033 codices
789 1965 934 2031 unciales
956 1965 1118 2032 Graecum
1139 1963 1278 2032 Genesis
1301 1974 1427 2031 textum
1449 1974 1634 2051 spectantes
1658 1967 1691 2030 in
1710 1966 1864 2054 Europae
1886 1967 2001 2033 biblio-

353 2095 456 2160 thecis
473 2093 632 2160 habentur
647 2095 675 2168 7,
692 2113 829 2180 quorum
845 2096 985 2180 quinque
1000 2093 1102 2158 multo
1116 2095 1273 2180 pauciora
1288 2102 1399 2158 nostro
1415 2093 1598 2178 fragmenta
1612 2094 1786 2160 continent.

1143 2313 1216 2395 VI.

460 2499 577 2566 Codex
604 2501 733 2566 Veteris
760 2502 962 2568 Testamenti
993 2500 1164 2567 Graecus
1193 2499 1478 2584 membranaceus,
1507 2499 1593 2566 soliis
1624 2509 1777 2566 constans
1809 2501 1849 2566 16
1877 2502 2002 2569 formae

355 2630 526 2711 maximae,
550 2629 687 2713 insignis
710 2629 936 2716 antiquissima
956 2627 1210 2693 minuscularum
1238 2627 1419 2694 litterarum
1445 2628 1622 2714 scriptura,
1650 2649 1732 2714 quse
1760 2629 1872 2696 eadem
1897 2631 2002 2695 estin

354 2756 468 2820 codice
481 2755 561 2840 Reg.
579 2755 670 2820 1470.
693 2751 796 2843 (apud
813 2752 1101 2820 Montefaleonium
1119 2757 1153 2821 in
1171 2754 1343 2840 Palaeogr.
1362 2777 1394 2842 p.
1410 2755 1482 2820 269.
1505 2752 1599 2819 colb.
1614 2755 1685 2819 440.
1707 2753 1770 2842 077)
1792 2758 1868 2822 anni
1883 2755 1954 2822 890.
1971 2767 2003 2823 et

353 2884 387 2948 in
407 2881 589 2948 Oxoniensi
612 2883 725 2948 0071700
743 2882 914 2948 Ρ107077700
940 2883 1017 2946 enni
1037 2881 1107 2946 896.
1114 2931 1122 2966 ,
1146 2881 1381 2947 adscribendus
1407 2883 1537 2947 omnino
1558 2881 1688 2947 saeculo
1707 2906 1803 2948 nono.
1851 2882 2003 2950 Continet

353 3011 499 3094 integros
521 3006 621 3074 libros
636 3009 791 3075 Judicum
814 3018 846 3074 et
859 3009 946 3075 Ruth
968 3031 1042 3074 cum
1065 3020 1210 3075 extrema
1231 3019 1323 3096 parte
1341 3008 1417 3074 libri
1434 3009 1566 3074 Josuae.
1610 3009 1749 3076 Formas
1763 3009 2002 3077 Alexandrinus

355 3137 503 3223 antiquas
525 3137 623 3221 pauci
645 3137 775 3202 codices
800 3159 946 3202 summae
968 3137 1167 3223 antiquitatis
1189 3146 1257 3202 tam
1278 3135 1417 3202 fideliter
1439 3146 1674 3202 conservarunt
1696 3161 1792 3225 quam
1813 3137 1866 3204 hic
1888 3139 2001 3206 codex.

354 3262 516 3349 Exempla
538 3261 620 3328 haec
642 3265 880 3349 excerpsimus:
908 3264 1004 3348 lippi]
1032 3263 1100 3338 (fol.
1123 3263 1153 3328 5.
1180 3261 1303 3351 70070),
1327 3265 1537 3348 ticinenses&
1560 3259 1629 3349 (fol.
1653 3265 1683 3329 4.
1706 3263 1836 3353 verso),
1859 3271 2002 3352 βενναηαήν,

354 3393 493 3475 σεηαφείν,
509 3391 646 3474 σῦνσημσν
662 3385 731 3476 (fol.
749 3391 797 3455 14.
815 3387 935 3476 70070),
955 3389 1085 3476 (lemur
1101 3389 1261 3477 (ibidem),
1282 3387 1462 3475 76000001.
1481 3387 1556 3478 12),
1573 3392 1712 3476 εἠηηιένην
1728 3389 1796 3478 (fol.
1815 3393 1864 3457 10.
1880 3391 2002 3480 70770),

355 3519 488 3602 ἐρύσαντο
511 3513 580 3602 (fol.
603 3515 631 3579 8.
649 3539 759 3598 verso,
778 3518 808 3580 4.
824 3513 951 3604 70770),
974 3530 1033 3592 τοῖς
1050 3519 1193 3602 isidorum
1215 3513 1283 3604 (fol.
1299 3517 1329 3582 5.
1349 3516 1475 3604 verso),
1499 3519 1686 3603 ἐξηραύνησαν
1710 3516 1779 3605 (fol.
1796 3519 1825 3584 5.
1845 3529 1950 3604 70070,
1972 3522 2002 3585 4.

354 3642 474 3732 70070),
496 3645 633 3728 ε’ξε’νεηκσν
653 3643 720 3717 (fol.
737 3645 767 3708 0.
787 3642 908 3731 70070),
932 3645 1072 3730 ἀνέβεννεν
1092 3641 1161 3730 (701.
1176 3645 1206 3712 4.
1226 3666 1323 3710 70770
1338 3643 1413 3732 707).
1458 3644 1599 3710 Textum
1613 3667 1691 3710 7070
1706 3645 1842 3728 praebet
1855 3647 2003 3733 inprimis

353 3769 530 3836 notabilem
558 3779 591 3834 et
617 3793 766 3856 gravem,
788 3772 972 3857 profectum
1001 3795 1021 3837 0
1042 3772 1233 3836 recensione
1257 3793 1339 3858 quae
1362 3771 1506 3837 nondum
1527 3773 1676 3837 innotuit.
1728 3771 1826 3854 Quod
1847 3796 1911 3861 quo
1927 3775 2004 3862 jure

355 3898 471 3981 dicam,
481 3897 625 3984 judicari
639 3898 760 3984 poterit
774 3899 816 3962 071
830 3899 957 3984 priores
974 3899 1089 3984 eapitis
1105 3899 1202 3985 primi
1215 3921 1331 3964 versus
1347 3899 1402 3964 27:
1425 3921 1484 3984 per
1499 3898 1558 3963 hos
1575 3901 1660 3964 enim
1676 3901 1908 3986 quinquaginta
1922 3901 2003 3967 10077

356 4025 537 4090 017077707ιο
559 4024 700 4090 editione
724 4024 879 4107 discedit,
901 4024 1111 4090 duodevicies
1134 4047 1206 4089 eum
1225 4022 1446 4090 Alexandrino
1470 4025 1583 4091 codiee
1606 4027 1812 4092 consentiens
1835 4035 1883 4102 (ut
1901 4051 1932 4093 v.
1954 4030 2002 4094 17.

355 4155 449 4236 Σεφέη
472 4174 545 4216 cum
567 4149 661 4216 Alex.
687 4151 757 4216 solo
781 4161 813 4216 07
834 4176 864 4215 7.
881 4152 931 4216 27.
956 4152 1098 4236 Μαγεδών
1119 4173 1194 4216 curn
1217 4151 1295 4217 70177
1315 4149 1410 4217 Alex.
1434 4153 1559 4219 070071.
1576 4153 1617 4218 X.
1641 4153 1729 4240 apud
1747 4152 1855 4218 Holm.
1879 4153 2003 4243 hebet),

354 4278 515 4343 tredecies
545 4300 619 4342 eum
649 4277 721 4343 01777
749 4279 843 4345 007171.
871 4279 1070 4362 uncialibus,
1096 4301 1196 4366 porro
1224 4279 1288 4346 0170
1310 4301 1384 4343 cum
1405 4281 1519 4366 paucis
1542 4270 1636 4345 codd
1658 4281 1795 4346 minuse.
1821 4284 2005 4370 communia

355 4403 488 4488 habens,
512 4405 577 4470 0170
597 4406 695 4470 sociis
717 4405 813 4492 plane
835 4405 941 4472 nullis.
986 4407 1093 4493 Hujus
1117 4405 1204 4492 quod
1227 4406 1338 4472 ultimo
1362 4406 1435 4471 loco
1455 4407 1525 4472 dixi
1546 4409 1675 4492 generis
1699 4416 1787 4472 sunt:
1809 4431 1838 4470 7.
1861 4408 1888 4471 1.
1914 4410 1943 4475 ἐν
1965 4415 2005 4490 rui

354 4535 445 4616 κυρίῳ,
468 4555 498 4596 7.
515 4531 544 4596 5.
570 4534 726 4598 omissum
746 4535 795 4600 τόν
812 4535 918 4620 prius,
935 4557 972 4598 v.
990 4534 1017 4598 7.
1038 4535 1162 4620 7777707077.
1182 4533 1288 4616 ἄνδρας
1308 4531 1411 4621 (quod
1428 4533 1546 4620 reliqui
1566 4557 1677 4599 omnes
1694 4532 2004 4622 0777777007)βο0170,

354 4656 476 4723 ibidem
497 4657 545 4724 καὶ
566 4661 790 4745 ἀποκεκαμμεᾏσν,
813 4683 844 4724 7.
871 4660 920 4725 10.
948 4665 1010 4746 yssi
1034 4657 1098 4746 (ed.
1122 4659 1213 4725 Rom.
1237 4665 1321 4746 yscoi,
1344 4661 1415 4727 cod.
1439 4660 1532 4727 Alex.
1556 4658 1673 4747 ηεθθί),
1695 4685 1726 4724 7.
1751 4662 1800 4725 11.
1823 4664 1902 4736 adire
1923 4691 2005 4748 γραην

354 4787 473 4871 μασέων,
488 4809 518 4849 7.
537 4786 585 4850 14.
602 4787 713 4871 ἐβόησεν
727 4809 787 4874 pro
804 4788 935 4873 7ἠὸηγνζε,
954 4811 984 4852 7.
1003 4788 1051 4852 10.
1068 4787 1180 4852 addita
1194 4791 1233 4862 εἰς
1247 4793 1295 4873 γῆν
1314 4789 1394 4855 icida
1407 4798 1482 4874 post
1496 4794 1553 4854 τῶν
1566 4790 1640 4854 viria
1683 4785 1757 4852 Uno
1773 4796 1898 4852 tantum
1914 4791 2004 4854 socio

356 4911 453 4978 habet
467 4935 497 4974 v.
513 4915 543 4976 4.
559 4915 598 4986 εἰς
615 4924 711 4998 χεῖρας
726 4908 815 4998 (cum
832 4913 904 4978 cod.
920 4915 977 4999 583
995 4915 1035 4980 de
1052 4937 1115 5002 quo
1131 4914 1290 4980 Vaticano
1307 4915 1419 4980 0071700
1431 4913 1582 4980 Holmes:
1597 4915 1782 5002 „quantivis
1797 4915 1893 5000 pretii
1909 4913 2005 5004 est“)‚

357 5061 386 5100 v.
404 5039 432 5101 8.
451 5039 603 5124 ε’νε7τηησαν
617 5043 691 5122 πυρί,
707 5041 804 5104 nli.
821 5041 940 5125 ἔκοψαν.

1137 5245 1233 5326 VII.

462 5410 577 5477 Codex
591 5411 676 5476 Novi
692 5412 893 5478 Testamenti
914 5411 1086 5478 Graecus
1102 5413 1369 5480 membranaceus
1386 5415 1539 5479 foliorum
1553 5413 1596 5480 56
1612 5423 1747 5479 octavae
1760 5415 1887 5482 formae
1903 5416 2004 5484 minu·

354 5547 416 5619 tae,
433 5560 505 5602 cum
520 5548 613 5604 textu
628 5548 759 5604 actuum
773 5537 995 5626 apostolorum
1009 5540 1147 5626 integro,
1164 5542 1309 5628 exceptis
1324 5542 1355 5626 4,
1364 5541 1457 5625 8-0,
1474 5540 1524 5604 17.
1539 5543 1588 5626 17,
1597 5541 1734 5625 28-23,
1745 5542 1773 5606 9.
1796 5541 1939 5627 insignis
1956 5552 2005 5606 077
