5284 6620
601 711 663 776 114

600 914 801 997 ἀνυπονόητον,
816 909 864 977 καί
878 913 951 977 ἐστιν
966 911 1020 984 ίως
1033 916 1083 976 τοῦ
1097 917 1146 977 νῦν
1158 922 1218 983 τοῖς
1231 915 1344 984 πολλοῖς
1357 909 1532 992 ἀγνοουμελη.
1552 908 1610 972 ἐκεῖ
1620 910 1690 992 εἶχεν
1704 908 1720 975 ό
1734 907 1862 993 βασιλεῦς
1875 907 1909 975 τό
1922 909 2034 990 χρνοίον
2047 908 2081 974 τό
2100 909 2130 984 ἐξ
2144 909 2249 972 Αίθιο

601 1045 671 1114 πίας
690 1038 738 1105 καλ
751 1040 789 1106 τό
804 1039 951 1122 ἀρώματα
977 1037 1025 1104 καλ
1046 1039 1137 1122 ἐπειδή
1150 1039 1274 1114 Ἐζεκίας
1293 1037 1391 1112 ἔδειξεν
1409 1045 1469 1108 τοῖς
1487 1036 1582 1100 ἔθνεσι
1599 1035 1632 1100 τό
1649 1035 1796 1118 μυστήριον
1810 1033 1904 1100 Διιυέδ
1920 1033 1968 1099 καλ
1982 1039 2181 1116 Σολομοῦιτος,
2202 1030 2249 1096 καί

600 1167 708 1250 ἐμάιινεν
729 1167 802 1232 όστᾶ
821 1167 950 1248 πατιρων
970 1165 1069 1240 αὐτοῦ,
1092 1165 1139 1229 διά
1157 1169 1240 1231 τοῦτο
1258 1162 1274 1229 ό
1294 1163 1364 1235 θεός
1380 1163 1547 1246 ἐπαράσατο
1566 1163 1605 1235 είς
1622 1165 1749 1228 δουλείαν
1774 1161 1808 1228 τό
1826 1163 1938 1244 σπέρμα
1956 1163 2043 1227 αότοῦ
2060 1172 2119 1234 τοῖς
2137 1161 2251 1244 ἐχθροῖς

601 1294 700 1368 αι’ντοῦ,
715 1291 763 1358 καὶ
778 1291 907 1374 άκαρπον
921 1293 1047 1374 ἐποίησεν
1061 1291 1078 1358 ό
1095 1291 1166 1364 θεὸς
1180 1291 1239 1357 ἀπό
1253 1295 1303 1374 τής
1316 1290 1419 1374 ήμέρας
1434 1290 1541 1372 ἐκείνης.

707 1417 764 1503 (A.
784 1419 933 1491 Ἡσαΐας
950 1419 966 1484 ό
983 1421 1070 1503 με’γας
1088 1419 1232 1501 προφήτης
1250 1413 1282 1502 ήν
1301 1417 1361 1482 ἀπό
1373 1415 1561 1500 Ἰερουσαλήμ,
1584 1417 1699 1499 θνήσκει
1716 1413 1891 1498 δέπριοθεές
1904 1415 1959 1482 ῦπό
1975 1421 2103 1499 Μανασή
2117 1415 2252 1500 βασιλεῦς

599 1549 791 1624 υίοῦἘζεκιου,
806 1544 853 1610 καί
869 1546 954 1628 ἐτίθη
967 1545 1101 1611 ῦποκάτω
1116 1546 1197 1626 δρυός
1208 1543 1315 1629 Ῥωγήλ
1329 1545 1446 1628 ἐχόμενα
1458 1548 1508 1628 τής
1522 1542 1680 1628 διαβάσεως
1693 1547 1751 1607 τῶν
1763 1541 1874 1608 ῦδάτων
1888 1538 1928 1607 οῦν
1943 1543 2087 1608 ἀπάλεσεν
2100 1540 2251 1618 Ἐζεκιαςό

600 1675 729 1759 βαοτλεῦς
743 1673 915 1757 καταχώσας
929 1673 1011 1738 αίτά
1027 1669 1076 1736 καί
1090 1671 1106 1738 ό
1121 1671 1192 1745 θεός
1206 1671 1240 1737 τό
1254 1683 1365 1754 πηγαῖον
1379 1676 1429 1736 τοῦ
1442 1669 1563 1753 Σιλωὰμ
1577 1671 1688 1752 ἐποίησε
1701 1669 1748 1735 διά
1763 1669 1812 1735 τόν
1826 1671 1978 1752 προφήτην,
1993 1667 2036 1734 ότι
2050 1669 2105 1752 πρό
2119 1674 2169 1734 τοῦ
2183 1669 2252 1732 ἀπο

601 1812 702 1866 θανεῖν
723 1799 894 1884 ὀλιγωρήσας
912 1798 1015 1881 ηῦξατο
1033 1809 1104 1865 πιεῖν
1117 1797 1204 1881 ῦδωρ,
1224 1797 1271 1863 καῖ
1285 1799 1392 1872 εῦθέως
1407 1798 1551 1880 ἀπεστάλη
1566 1798 1643 1878 αὐτοῦ
1655 1798 1684 1874 ἐξ
1698 1797 1791 1862 αὐτοῦ.
1814 1797 1861 1861 διά
1874 1802 1956 1863 τοῦτο
1971 1797 2074 1880 ἐκλήθη
2089 1797 2221 1877 Σιλωάμ,
2236 1794 2252 1859 ὃ

602 1929 775 2011 ἑρμηνεύεται
785 1927 1000 2008 ἀπεσταλμένος.
1016 1923 1064 1990 καί
1076 1924 1120 1991 ἐπὶ
1131 1931 1180 1992 τοῦ
1188 1926 1307 2002 Ἐζεκίου
1319 1924 1350 1990 δέ
1363 1926 1418 2008 πρό
1432 1929 1482 1991 τοῦ
1496 1929 1610 2008 ποιήσαι
1624 1924 1710 1990 αῦτόν
1720 1924 1785 1997 τοῦς
1794 1924 1914 1997 λάιοιους
1924 1923 1971 1988 καὶ
1982 1923 2036 1996 τάς
2046 1923 2250 2008 κολυμβήθρας,

603 2053 648 2120 ἐπί
666 2061 699 2136 τή
719 2055 783 2138 εέιχή
801 2059 851 2119 τοῦ
862 2052 984 2118 Ἡσαΐου
1002 2053 1098 2136 μικρόν
1117 2049 1191 2134 ὕδωρ
1211 2053 1386 2136 ἐξελήλυθεν,
1408 2049 1450 2117 ότι
1469 2046 1502 2136 ήν
1520 2051 1537 2135 ή
1556 2052 1636 2125 πόλις
1654 2051 1683 2116 ἐν
1701 2057 1869 2135 σογκλεισμῴ
1889 2052 2065 2134 άλλοφόλων,
2087 2048 2134 2114 καί
2154 2051 2199 2114 ίνα
2216 2049 2252 2134 μή

603 2185 752 2264 διαφθαρῇ
772 2180 787 2263 ή
805 2181 885 2253 πόλις
903 2179 943 2254 οῦς
961 2179 998 2263 μή
1018 2179 1120 2264 ἔχοισα
1137 2177 1221 2262 ῦδωρ.
1242 2179 1357 2262 ήριότοιν
1375 2177 1431 2262 γάρ
1450 2179 1476 2244 σί
1494 2181 1616 2261 πολεμιοι
1633 2179 1727 2245 πόθεν
1745 2181 1865 2244 πίνουσι·
1887 2179 1929 2246 διό
1944 2176 1992 2242 καί
2005 2179 2190 2262 ἐχαράκωσαν
2205 2177 2254 2261 τήν

603 2308 696 2382 πόλιν,
719 2305 767 2372 καί
781 2311 1012 2390 παρεκαθεζοντο
1031 2313 1071 2387 τῴ
1086 2306 1213 2388 Σιλωάμ
1235 2305 1306 2372 όταν
1324 2300 1372 2371 οῦν
1390 2304 1507 2390 ήρχοντο
1525 2307 1576 2372 σόν
1593 2312 1634 2387 τῷ
1646 2305 1755 2389 Ἡσαῖρ
1775 2306 1953 2378 οῖ’]οιδαῖοι,
1976 2304 2059 2387 άφνω
2077 2307 2204 2389 ἐξήρχετο
2221 2303 2254 2370 τό

602 2433 688 2518 ῦδωρ·
711 2435 784 2500 ἐπάν
803 2432 833 2499 δέ
852 2436 878 2499 οἱ
897 2435 1047 2518 ἀλλόφυλοι
1064 2433 1194 2518 ήρχοντο,
1214 2434 1263 2498 οῦκ
1279 2433 1406 2516 ἐξήρχετο
1420 2432 1453 2498 τό
1466 2430 1549 2516 ἐιδωρ.
1564 2433 1607 2498 διό
1621 2430 1669 2498 καλ
1684 2433 1736 2505 ἐως
1750 2433 1867 2515 σήμερον
1882 2435 2026 2515 αιφνιδιόις
2039 2433 2189 2516 ἐξέρχεται,
2207 2431 2254 2496 καλ

605 2563 680 2628 κατὰ
695 2559 744 2646 τήν
758 2559 836 2644 ιόραν
850 2561 883 2646 ἢν
897 2561 995 2646 ήρχετο
1006 2562 1137 2634 Ἠσαίας
1154 2561 1218 2626 τότε
1235 2560 1286 2626 σήν
1304 2572 1364 2633 τοῖς
1376 2561 1530 2635 Ίουδαιλιις,
1554 2559 1599 2625 ἵνα
1619 2565 1718 2643 δειχθῇ
1736 2559 1769 2625 τό
1788 2559 1942 2643 μυστήριον.
1964 2557 2012 2624 καὶ
2031 2559 2122 2644 ἐπειδή
2140 2559 2187 2624 διὰ
2206 2565 2255 2624 τοῦ

602 2689 724 2754 Ἠσαίου
741 2694 824 2754 τοῦτο
843 2691 946 2774 γε’γονε,
970 2690 1074 2773 μνήμης
1093 2688 1179 2754 αότοῦ
1196 2688 1280 2772 χάριν
1298 2686 1346 2752 καὶ
1366 2687 1382 2754 ό
1401 2687 1471 2760 λαός
1489 2690 1604 2770 πλησίον
1622 2693 1672 2753 τοῦ
1690 2687 1810 2769 Σιλωάμ
1828 2687 1961 2768 ἐπιμελοῦς
1980 2687 2094 2769 ἔθαψεν
2109 2687 2194 2754 αι’πόν
2208 2685 2254 2752 καί

606 2816 736 2892 ἐνδόξως·
759 2813 838 2890 ὅπως
852 2815 898 2881 διά
912 2821 969 2882 τοῦν
983 2817 1070 2900 εῦχοῦν
1085 2817 1171 2882 αῦτοῦ
1185 2813 1232 2880 καί
1246 2815 1318 2896 μετά
1331 2815 1464 2881 θάνατον
1478 2815 1564 2881 αῦτοῦ
1578 2815 1676 2897 ἔχωσιν
1691 2813 1732 2888 ἀς
1745 2813 1830 2886 αῦτὸς
1844 2813 1894 2898 τήν
1908 2815 2065 2880 ἀπόλαυσιν
2077 2821 2128 2882 τοῦ
2141 2811 2254 2887 ῦδατος·

605 2941 649 3008 ότι
662 2939 710 3006 καί
722 2943 845 3026 χρησμός
859 2944 947 3026 ἐδόθη
962 2944 1056 3016 αι’ποῖς
1075 2941 1136 3024 περί
1155 2947 1205 3008 τοῦ
1222 2939 1333 3016 ῦδατος.
1357 2943 1414 3008 ἐστι
1432 2939 1462 3006 δέ
1481 2941 1497 3008 ό
1516 2942 1609 3026 τάφος
1627 2943 1713 3007 αἰτοῦ
1731 2941 1848 3024 ἐχόμενα
1866 2945 1916 3007 τοῦ
1935 2942 2028 3025 τάφου
2045 2947 2104 3006 τοῦτ
2121 2945 2256 3026 βασιλεῦον

605 3068 728 3135 όπισθεν
742 3074 792 3134 τοῦ
806 3068 899 3152 τάφου
912 3076 969 3136 τῶν
983 3072 1076 3154 ἐερέων
1091 3067 1135 3135 ἐπί
1150 3070 1183 3136 τό
1197 3071 1280 3152 μέρος
1294 3069 1327 3136 τό
1342 3069 1413 3152 πρός
1427 3069 1516 3136 νότον.
1552 3073 1690 3152 Σολομοῦν
1704 3067 1758 3152 γάρ
1773 3070 1884 3150 ἐποιήσε
1897 3070 1962 3142 τοῦς
1975 3069 2083 3153 τάφους
2101 3075 2151 3135 τοῦ
2166 3067 2257 3134 Δαυέδ

606 3197 819 3280 διαγράψαντος
833 3197 908 3262 κατὰ
923 3197 1067 3270 ἀνατολάς
1081 3197 1172 3270 Σιοόν,
1192 3195 1251 3280 ήτις
1266 3197 1319 3280 ἕχει
1333 3195 1441 3262 εἴσοδον
1456 3195 1514 3262 ἀπὸ
1529 3202 1561 3260 Γ
1558 3193 1657 3282 αβαοόν
1670 3197 1794 3279 μήκοθεν
1808 3201 1857 3280 τής
1875 3196 1983 3270 πόλεως
2000 3199 2131 3270 σταδάιυς
2148 3207 2190 3262 κ’·
2209 3196 2256 3262 καὶ

608 3324 719 3406 ἐποίησε
732 3323 846 3390 σκολιόν
861 3322 909 3388 καλ
928 3325 1065 3390 σῦνθετον
1083 3325 1133 3408 τήν
1151 3321 1258 3390 εἴσοδον
1276 3321 1324 3388 καί
1342 3323 1532 3406 ἀνυπονόητον
1550 3333 1610 3395 τοῖς
1628 3329 1747 3396 πολλοῖς.
1769 3321 1816 3388 καί
1836 3325 1908 3390 ἐστιν
1927 3325 1979 3398 ἕως
1996 3331 2046 3408 τῆς
2064 3325 2181 3408 σήμερον
2199 3337 2257 3398 τοῖς

606 3454 720 3523 πολλοῖς
738 3449 904 3534 ἀγνυουμάη
922 3455 979 3516 τῶν
998 3453 1091 3534 ἱεράων
1112 3449 1159 3515 καί
1174 3448 1230 3530 όλῳ
1244 3455 1284 3531 τῷ
1299 3456 1368 3530 λιιῴ.
1391 3451 1448 3516 ἐκεῖ
1458 3451 1528 3534 εἶχεν
1542 3449 1558 3516 ό
1572 3450 1701 3535 βασιλεῦς
1714 3449 1747 3516 τό
1760 3454 1873 3535 χρυσίον
1886 3451 1919 3517 τό
1935 3453 1965 3529 ἐξ
1979 3454 2145 3525 Αἰθιοπίας
2158 3449 2205 3516 καὶ
2219 3453 2257 3518 τά

608 3577 755 3660 ἀρώματα
770 3575 818 3642 καὶ
833 3578 924 3662 ἐπειδή
937 3578 1060 3654 Ἐζεκίας
1074 3577 1090 3644 ό
1104 3580 1232 3663 βασιλεὺς
1247 3580 1330 3654 ἔδειξε
1344 3579 1377 3644 τό
1391 3579 1538 3661 μυστήριον
1550 3575 1642 3643 Λαυλδ
1656 3575 1704 3642 καλ
1714 3583 1900 3661 Σολομῶντος
1915 3591 1973 3652 τοῖς
1987 3581 2082 3645 ἔθνεσι
2095 3591 2154 3654 τοῖς
2164 3586 2258 3664 Βαβιν

606 3707 714 3777 λωνίικς
727 3702 774 3769 καὶ
786 3704 878 3787 ἐμίανε
888 3705 926 3770 τά
936 3705 1009 3771 όστᾶ
1019 3711 1069 3770 τοῦ
1079 3705 1167 3771 τόπου
1177 3709 1234 3770 τοῦτ
1244 3708 1374 3790 πατέρων
1385 3707 1480 3780 αὐτοῦ,
1495 3706 1542 3771 διά
1552 3710 1635 3770 τοῦτο
1646 3705 1662 3770 ό
1674 3705 1745 3779 θεός
1755 3707 1943 3790 συνεχώρησεν
1954 3709 1993 3780 εές
2003 3711 2128 3772 δουλείαν
2139 3709 2258 3774 ἔσεσθαι

607 3831 641 3898 τό
655 3831 765 3915 σπέρμα
780 3831 879 3907 αῦτοῦ,
894 3843 953 3906 τοῖς
968 3833 1082 3916 ἐχθροῖς
1097 3833 1191 3908 αὐτοῦ,
1206 3831 1253 3898 καί
1269 3831 1398 3917 ἄκαρπον
1413 3832 1499 3898 αι’τόν
1513 3831 1529 3898 ό
1544 3832 1615 3906 θεὸς
1630 3833 1755 3916 ἐποίησεν
1770 3831 1829 3899 άπό
1844 3837 1893 3917 τής
1906 3833 2010 3918 ήμερας
2024 3831 2147 3918 ἐκείνης.)

713 3964 767 4023 ΙΔ.
790 3958 952 4042 Ἱερεμίας
969 3955 1002 4042 ήν
1021 3959 1050 4036 ἐξ
1062 3960 1223 4034 Ἀναθοόθ,
1245 3958 1293 4024 καί
1312 3960 1341 4024 ἐν
1358 3961 1497 4043 Τάφναις-
1509 3966 1558 4044 τής
1572 3960 1722 4044 Αίγίπτου
1735 3962 1828 4034 λίθοις
1841 3957 1957 4045 βληθεὶς
1972 3959 2028 4026 ὑπὸ
2043 3967 2092 4028 τοῦ
2106 3967 2177 4027 λαοῦ
2191 3963 2259 4027 ἀπο

609 4086 732 4169 θνήσκει
751 4097 839 4152 κεῖται
857 4085 886 4151 δέ
905 4089 1021 4170 πλησίον
1040 4092 1090 4170 τής
1108 4089 1198 4160 οἰκίας
1216 4087 1342 4170 Φαραώ,
1357 4086 1401 4154 ότι
1414 4089 1441 4152 οί
1454 4089 1606 4172 Αίγόπτιοι
1620 4088 1760 4164 ἐδόξασαν
1774 4087 1861 4155 αι’τδν
1874 4088 2098 4172 εὐεργετηθέντες
2112 4090 2144 4154 δι’
2162 4091 2259 4156 αἰτοῦ

610 4211 715 4294 ηῦξατο
729 4211 796 4296 γάρ,
815 4211 862 4278 καλ
878 4216 908 4279 αἱ
921 4215 1037 4287 ἀσπίδες
1053 4215 1154 4288 αῦτοός
1168 4215 1258 4279 ἐασαν
1272 4212 1320 4280 καί
1332 4221 1391 4280 τῶν
1403 4213 1515 4280 ὑδάτων
1529 4217 1556 4280 οἱ
1569 4221 1668 4299 θήρες,
1688 4215 1737 4288 οῦς
1750 4221 1881 4281 καλοῦσιν
1896 4217 2087 4298 οίΑίγόπτιοι
2103 4215 2260 4299 Μειεφιόθ,

606 4337 734 4422 Ἕλληνες
747 4336 777 4403 δέ
790 4343 986 4424 κροκοδείλους,
1002 4342 1028 4407 οἳ
1043 4337 1131 4424 (eod.
1140 4337 1220 4426 οῖών)
1233 4335 1305 4425 ήσαν
1316 4341 1418 4415 αέτοῦς
1428 4347 1633 4416 θανατοῦντες·
1648 4341 1696 4408 καλ
1706 4343 1855 4426 εῦξαμένου
1864 4347 1915 4409 τοῦ
1924 4344 2068 4427 προφήτου
2079 4343 2261 4426 ἐκωλύθησαν

611 4466 641 4530 εἰι
659 4472 709 4550 τῆς
727 4473 775 4550 γής
794 4468 895 4549 ἐκείνης
913 4467 946 4534 τό
965 4469 1042 4552 γένος
1055 4473 1112 4533 τῶν
1132 4469 1273 4542 ἀσπίδων,
1295 4466 1343 4533 καὶ
1358 4469 1387 4532 ἐκ
1401 4474 1451 4534 τοῦ
1465 4475 1594 4554 ποταμοῦ
1609 4469 1746 4544 ἀσαότως
1759 4469 1792 4537 τό
1807 4471 1915 4554 ἐνεδρον
1929 4475 1986 4535 τοῦν
2000 4474 2118 4552 θηρίιον.
2140 4469 2188 4535 καί
2201 4468 2262 4537 όσοι

611 4591 680 4660 είσέν
702 4591 795 4660 πιστοὶ
813 4599 897 4668 θεοῦ,
919 4595 971 4668 ἐως
988 4599 1038 4660 τοῦ
1055 4600 1104 4660 νῦν
1122 4594 1249 4678 εὔχονται
1267 4596 1295 4659 ἐν
1313 4601 1353 4675 τῷ
1372 4597 1451 4678 τόπῳ
1469 4595 1541 4664 ὅπου
1559 4609 1659 4672 κεῖται,
1681 4595 1730 4662 καί
1748 4598 1937 4682 λαμβάνοντες
1955 4603 2005 4662 τοῦ
2021 4598 2089 4681 χοὸς
2105 4603 2155 4664 τοῦ
2174 4597 2262 4664 τόπου

612 4721 739 4804 δήγματα
753 4720 880 4786 ἀσπίδων
894 4723 1098 4806 θεραπεόουσιν
1112 4719 1159 4786 καί
1173 4722 1211 4787 τά
1225 4725 1316 4806 θηρία
1330 4729 1379 4788 τοῦ
1392 4721 1496 4796 ῦδατος
1509 4725 1716 4808 φυγαδείουσιν.
1735 4723 1812 4808 ἡμεῖς
1826 4721 1855 4788 δέ
1868 4723 2024 4808 ήκοόσαμεν
2038 4725 2139 4790 ἐκτῶν
2153 4729 2262 4791 παίδων
2275 4729 2277 4735 ’

610 4846 770 4932 Ἀντιγόνου
789 4845 837 4913 καλ
852 4851 1030 4932 Πτολεμαίου
1048 4851 1187 4934 γηρόντων
1204 4855 1300 4924 τινοῦν,
1320 4847 1363 4916 ότι
1379 4850 1566 4934 Ἀλεξανδρος
1584 4851 1600 4917 ό
1617 4851 1760 4916 Μακεδών
1775 4851 1891 4924 ἐπιστάς
1903 4857 1945 4932 τῷ
1959 4851 2042 4934 τάφῳ
2056 4857 2106 4917 τοῦ
2119 4852 2263 4935 προφήτου

612 4972 660 5039 καί
679 4973 804 5059 ἐπιγνοῦς
822 4975 860 5040 τά
879 4977 918 5048 είς
938 4975 1024 5042 αἰτόν
1041 4977 1188 5060 μυστήρια,
1211 4978 1250 5050 είς
1266 4977 1479 5061 Ἀλεξάνδρειαν
1497 4981 1661 5061 μετέστησεν
1679 4979 1766 5045 αι’ποῦ
1784 4979 1822 5043 τοὶ
1839 4981 1978 5061 λείψανα,
2001 4981 2174 5061 περιστειλας
2188 4978 2261 5043 αῦτά

614 5101 743 5178 ἐνδόξως·
758 5100 806 5167 καί
820 5103 948 5186 ἐκωλύθη
963 5105 993 5167 ἐκ
1006 5108 1056 5187 τής
1070 5110 1119 5188 γῆς
1132 5104 1164 5170 τό
1180 5106 1257 5188 γένος
1270 5110 1327 5170 τῶν
1342 5105 1483 5179 ἀσπίδων,
1498 5103 1546 5170 καὶ
1561 5105 1591 5170 ἐκ
1604 5111 1654 5172 τοῦ
1668 5111 1797 5190 ποταμοῦ
1810 5105 1947 5180 ἀσαίτως
1959 5107 1998 5173 τά
2012 5107 2109 5188 θηρία.

723 5223 814 5302 Οῦτος
832 5229 848 5296 ὁ
867 5231 1011 5314 προφήτης
1029 5241 1139 5314 σημεῖον
1158 5233 1258 5296 δι’δωκε
1275 5242 1334 5305 τοῖς
1352 5234 1464 5315 ἱερεῦσιν
1478 5233 1640 5317 Αίγῦπτου,
1663 5230 1706 5302 ότι
1723 5240 1768 5299 δεῖ
1778 5240 1926 5318 σεισθήναι
1940 5235 1978 5300 τά
1992 5231 2093 5298 είδοολα
2107 5231 2262 5299 αὐτῶνκαὶ

614 5366 760 5436 συμπεσεῖν
778 5356 816 5422 τά
833 5359 1011 5442 χειροποίητα
1032 5359 1138 5432 αι’τοῦν,
1160 5355 1230 5426 όταν
1250 5359 1328 5444 ἐπιβῇ
1348 5359 1376 5422 ἐν
1390 5360 1529 5444 Αίγῦπτφ
1547 5362 1694 5444 παρθένος
1711 5362 1864 5446 λοχεῦουσα
1882 5364 1984 5446 βρόμος
2002 5363 2133 5435 θεοειδές.
2158 5359 2262 5427 διὸκαὶ

615 5481 666 5554 ἐως
685 5485 731 5547 νῦν
749 5487 862 5566 τιμῶσιν
880 5487 1027 5569 παρθένον
1044 5491 1143 5569 λοχοῦν
1164 5481 1240 5572 (sie)
1262 5483 1309 5551 καὶ
1327 5489 1430 5571 βρεφος
1450 5487 1479 5552 ἐν
1497 5489 1590 5571 φάτνη
1610 5491 1735 5563 τιθέντες
1753 5495 1960 5573 προστατοῦσιν.
1976 5486 2024 5554 καὶ
2039 5491 2208 5572 Πτολεμαάρ
2222 5495 2263 5568 τῷ
