5284 6620
616 721 678 786 112

721 933 762 990 H.
782 925 974 1010 Ἀμβακοῦμ
991 918 1025 1008 ῆν
1043 924 1073 1002 ἰξ
1091 924 1177 1009 ἀγροῦ
1195 923 1366 1008 Βιδζουχάρ,
1387 925 1475 1006 φυλῆς
1489 920 1613 1006 Συμεών.
1635 917 1683 987 καί
1702 919 1757 986 ι’δετ
1774 919 1829 1004 πρὸ
1848 923 1898 1004 τῆς
1917 921 2109 1005 αἰχμαλωσίας
2126 918 2188 1004 περὶ
2207 925 2256 1004 τῆς

617 1055 748 1128 ἁλώσεως
759 1052 954 1138 Ἰερουσαλήμ,
977 1050 1025 1118 καί
1039 1053 1193 1136 ἐπένθησεν
1206 1050 1328 1135 σφόδρα·
1350 1047 1398 1116 καί
1412 1046 1459 1116 ῦτε
1471 1044 1559 1133 ῆλθεν
1572 1049 1826 1135 Ναβουχοδονόοορ
1844 1047 2081 1132 ε’νἾερουσαλήμ,
2102 1047 2199 1132 ἔφυγεν
2217 1050 2256 1121 εἰς

616 1183 793 1265 ὀστρακιῦην,
814 1177 862 1244 καί
878 1174 911 1263 ῆν
928 1179 1062 1262 πάροικος
1080 1179 1109 1245 ἰν
1128 1179 1301 1262 γῆἿσμαήλ.
1324 1177 1364 1253 ῶς
1382 1175 1412 1243 δὲ
1430 1178 1607 1261 ἀπέστρεψαν
1621 1178 1648 1242 οἰ
1660 1182 1804 1242 Χαλδαῖοι
1816 1174 1864 1240 καί
1878 1177 1904 1241 οἱ
1918 1175 2083 1241 κατάλοιποι
2096 1177 2122 1240 οἱ
2136 1174 2256 1248 ὄντεςίν

614 1307 797 1392 Ἰερουσαλήμ
817 1307 974 1391 κατεβήσαν
995 1307 1033 1380 εἰς
1052 1303 1212 1390 Αἴγυπτον,
1233 1300 1266 1389 ῆν
1288 1300 1368 1380 οῦτος
1390 1300 1477 1390 (cod.
1493 1299 1595 1388 οῦτοτς)
1616 1309 1758 1388 παροικῶν
1778 1303 1828 1387 τῆν
1849 1307 1898 1387 γῆν
1921 1303 2007 1369 αῦτοῦ
2027 1301 2075 1367 καί
2095 1309 2257 1387 λειτουργῶν

616 1445 762 1519 θερισταῖς
775 1437 825 1499 τοῦ
838 1435 909 1498 λαοῦ
924 1432 1017 1498 αῦτοῦ.
1032 1431 1072 1506 ῶς
1085 1431 1115 1496 δὲ
1129 1433 1226 1518 ἔλαβεν
1238 1433 1271 1499 τὸ
1286 1433 1388 1515 ἔδεσμα
1402 1433 1551 1518 ἀπετίγκαι
1564 1442 1622 1505 τοῖς
1636 1429 1778 1515 ἰργάταις,
1794 1430 1995 1514 προεφήτευσεν
2009 1442 2068 1504 τοῖς
2082 1432 2159 1504 ἰδίοις
2172 1431 2257 1496 εἰπιάτ

617 1563 780 1647 Πορεῦομαι
793 1562 832 1634 εἰς
846 1563 896 1644 γῆν
908 1559 1031 1642 μακράν,
1053 1557 1102 1625 καί
1115 1561 1222 1644 ταχέως
1236 1559 1387 1643 ε’λεῦοομαι
1402 1558 1452 1625 ι’ἀν
1467 1557 1497 1623 δὲ
1510 1557 1650 1644 βραδόνω,
1674 1558 1842 1642 ἀπενίγκατε
1855 1567 1914 1630 τοῖς
1927 1567 2074 1640 θερισταῖς
2090 1557 2123 1624 τὸ
2144 1555 2257 1642 ἄριστον

617 1692 719 1756 αὐτῶν.
741 1685 790 1754 καί
803 1687 945 1772 γενόμενος
959 1687 988 1752 ἰν
1001 1690 1152 1771 Βαβυλῶνι
1165 1684 1212 1752 καί
1226 1686 1291 1759 δοῦς
1309 1685 1342 1754 τὸ
1362 1683 1476 1769 ἀρεστον
1492 1690 1534 1767 τῷ
1548 1683 1668 1769 Δατιήλ,
1691 1685 1791 1768 ἐπέστη
1808 1695 1867 1757 τοῖς
1884 1694 2031 1768 θερισταῖς
2049 1685 2186 1759 ἐσθίουσι,
2210 1683 2257 1750 καί

618 1815 707 1883 οῦδετί
721 1817 796 1880 εἶπεν
810 1815 842 1880 τὸ
857 1813 976 1898 γεγονός·
999 1817 1112 1896 συνῆκεν
1126 1811 1156 1878 δί
1174 1815 1205 1878 ἰκ
1222 1813 1321 1879 τοῦτου
1339 1807 1382 1878 ῦτι
1399 1813 1510 1896 τάχειοτ
1527 1812 1686 1896 ἰπιστρόγει
1703 1812 1720 1878 ὁ
1737 1811 1807 1886 λαὸς
1825 1813 2048 1896 ἰκΒαβτλῶτος.
2070 1810 2118 1877 καί
2136 1811 2191 1896 πρὸ
2209 1814 2257 1878 δόο

619 1945 689 2010 ἐτιῦν
707 1947 756 2026 τῆς
774 1943 941 2026 ἐπιστροφῆς
957 1939 1059 2005 θανάν
1077 1939 1166 2023 ἰτάφῆ
1185 1941 1243 2006 ἐκεῖ
1257 1940 1286 2005 ἰν
1305 1939 1390 2024 ἀγρῷ.
1412 1939 1512 2004 ἔδωκεν
1530 1937 1560 2004 δὲ
1573 1943 1656 2023 τέρας
1668 1951 1727 2014 τοῖς
1741 1940 1770 2004 ἰν
1783 1943 1818 2021 τῆ
1829 1938 1967 2022 Ἰουδαίᾳ,
1981 1937 2024 2006 ὄτι
2038 1937 2160 2022 ὄψονται
2173 1941 2203 2004 ἐν
2216 1945 2257 2022 τῷ

619 2077 680 2152 ναῷ
697 2074 760 2153 φῶς
777 2067 825 2134 καί
842 2065 930 2142 οῦτως
947 2065 1040 2134 ἰδωσιτ
1053 2067 1103 2152 τῆν
1117 2067 1202 2146 δόξαν
1215 2070 1265 2134 τοῦ
1278 2072 1356 2133 ναοῦ.
1371 2065 1494 2150 καὶπερὶ
1507 2071 1557 2151 τῆς
1570 2069 1727 2141 συντελείας
1740 2069 1789 2132 τοῦ
1803 2069 1873 2132 ναοῦ
1887 2076 2017 2150 προεῖπεν
2031 2063 2074 2132 ὄτι
2087 2065 2141 2133 ῦπὸ
2157 2067 2258 2142 ἔθνους

619 2201 727 2264 διανιοῦ
740 2197 888 2281 γεννήσεται,
903 2193 950 2261 καί
960 2195 1023 2260 τότε
1037 2195 1070 2261 τδ
1085 2191 1215 2278 ἀπλωμα,
1229 2197 1322 2280 φησίν,
1335 2198 1385 2260 τοῦ
1399 2194 1509 2279 Διαβήρ
1524 2189 1601 2280 (sic)
1617 2196 1656 2269 εἰς
1668 2193 1753 2278 μαῷά
1767 2194 1992 2278 διαρραγήσεται,
2006 2192 2054 2260 καί
2068 2193 2106 2260 τά
2121 2195 2257 2278 ἰπάιρατα

618 2329 676 2390 τῶν
690 2324 738 2390 δῦο
752 2323 859 2390 στῦλων
878 2322 1113 2406 ἀφαιρεθήσεται,
1135 2320 1183 2387 καί
1200 2319 1288 2395 οῦδείς
1305 2321 1441 2406 γνῶσεται
1461 2325 1516 2387 ποῦ
1531 2323 1652 2388 ἔσονται·
1674 2326 1767 2388 ταῦτα
1780 2319 1810 2387 δί
1823 2321 1853 2386 ἰν
1866 2325 1900 2404 τῆ
1915 2320 2004 2405 ἰρήμῳ
2019 2321 2259 2405 ἀπενεχθήσονται

617 2452 673 2518 ῦπίι
688 2452 810 2536 ἀγγελου,
825 2447 896 2516 ὄπου
910 2451 939 2514 ἰν
953 2449 1025 2534 ἀρχῆ
1039 2449 1128 2533 ἰπάγρ
1141 2448 1159 2533 ῆ
1173 2449 1258 2533 σκηνή
1272 2453 1322 2515 τοῦ
1335 2451 1493 2533 μαρτυρίου,
1508 2445 1628 2522 καὶτοῖς
1642 2445 1687 2514 ἰπί
1701 2451 1771 2514 τέλει
1784 2445 1979 2533 γνωσθήσεται
1992 2446 2090 2532 κόριος.

653 2581 655 2586 ’
725 2573 796 2663 (ΙΒ.
819 2575 1012 2662 Ἀμβακοῦμ
1025 2575 1055 2640 ἐκ
1068 2581 1155 2660 φυλῆς
1167 2571 1200 2660 ῆν
1210 2575 1328 2661 ὶλτμεολν
1342 2577 1372 2654 t}
1387 2577 1472 2660 ἀγροῦ
1487 2573 1668 2660 Βήθωαχοίρ.
1682 2571 1763 2650 οὗτος
1776 2577 1845 2640 εἶδεν
1859 2575 1914 2659 πρὸ
1928 2579 1978 2659 τῆς
1991 2577 2185 2659 αἰχμαλωσίας
2197 2575 2259 2660 περὶ

619 2713 668 2791 τῆς
683 2705 814 2778 ἀλῶσεοτς
827 2709 876 2788 τῆς
887 2702 947 2787 Ἱερ.
962 2701 1010 2768 καί
1023 2707 1072 2770 τοῦ
1087 2709 1165 2777 ναοῦ,
1180 2701 1228 2768 καί
1242 2703 1380 2787 ἐπένθησε
1393 2703 1511 2788 σφόδρα
1525 2700 1573 2768 καί
1587 2699 1634 2770 ὄτε
1647 2697 1735 2786 ἦλθεν
1748 2701 2029 2787 ῦΝαβουχοδοτόσορ
2039 2702 2151 2786 εἰςἹερ.,
2164 2705 2260 2789 ἔφυγεν

619 2875 629 2884 -
643 2875 652 2884 -
666 2874 675 2884 -
688 2831 807 2916 Ἰσμαήλ.
822 2829 861 2904 οῦς
875 2828 904 2896 δί
917 2829 1097 2914 ῦπεδτρεψαν
1111 2831 1138 2896 οἰ
1150 2836 1294 2896 Χαλδαῖοι
1307 2829 1354 2896 καί
1368 2829 1572 2897 οἰκατάλοιποι
1586 2831 1613 2896 οἰ
1626 2828 1703 2903 ὄντες
1717 2828 1816 2912 ἀνἹερ.
1831 2831 1988 2915 κατέβησαν
2001 2832 2040 2904 εἰς
2053 2828 2213 2914 Αἴγυπτον,
2228 2828 2261 2916 ῆτ

620 2964 762 3044 παροινῶν
776 2959 826 3041 τῆν
839 2963 888 3043 γῆν
903 2958 1001 3034 αῦτοῦ,
1021 2955 1069 3022 καί
1084 2957 1241 3042 ι’λειτοόργει
1253 2969 1312 3031 τοῖς
1325 2967 1472 3042 θερισταῖς
1484 2962 1534 3024 τοῦ
1548 2957 1634 3042 ἀγροῦ
1649 2957 1742 3024 αῦτοῦ.
1763 2957 1803 3030 ῶς
1816 2955 1846 3022 δί
1861 2957 1942 3041 ἔλαβε
1959 2957 1992 3022 τὸ
2013 2957 2126 3040 ἔδεσμα,
2144 2961 2260 3042 προεφή

619 3113 698 3154 τεοσε
705 3098 764 3160 τοῖς
774 3087 851 3159 ἰδίοις
862 3085 947 3152 αῦτοῦ
958 3085 1042 3150 εἰποότ
1103 3085 1273 3169 ἀπετίχτιατε
1283 3083 1316 3152 τὸ
1328 3083 1442 3168 ἀριστοτ
1452 3095 1511 3158 τοῖς
1517 3095 1671 3168 θερισταῖς.
1682 3081 1730 3148 καί
1740 3084 1925 3168 γενόμενος---
1933 3081 1997 3157 δοῦς
2005 3083 2054 3150 τὸν
2062 3083 2137 3170 (sic)
2147 3083 2261 3168 ἀριστοτ

620 3219 661 3294 τῷ
675 3213 797 3296 Δανιήλ,
812 3212 911 3295 ἰπίστη
925 3221 984 3286 τοῖς
997 3221 1143 3296 θερισταῖς
1157 3210 1360 3287 ἰσθιόυσι,·καί
1374 3209 1462 3278 οῦδενί
1476 3213 1550 3278 εἶπεν
1563 3211 1596 3278 τὸ
1611 3211 1764 3296 γενόμενον·
1786 3215 1883 3294 ουνῆιε
1893 3207 1924 3275 δὲ
1937 3207 1979 3278 ὄτι
1993 3211 2089 3295 τάχιοτ
2104 3213 2262 3295 ἐπιστρέψει

619 3341 637 3406 ῦ
651 3341 720 3414 λαὸς
734 3339 826 3422 ἀκτῆς
841 3339 1033 3422 αἰχμαλωσίας
1046 3342 1096 3422 τῆς
1109 3340 1148 3413 εἰς
1162 3343 1332 3424 Βαβυλῶνα.
1347 3336 1394 3404 καί
1408 3339 1463 3424 πρὸ
1477 3345 1507 3425 β’
1522 3339 1592 3404 ἰτῶτ
1605 3344 1655 3422 τῆς
1669 3339 1836 3423 ἐπιστροφῆς
1850 3338 2037 3422 ἀποθνήσκω,
2058 3336 2106 3404 καί
2125 3339 2214 3423 ἰτάφη
2231 3341 2262 3406 ἐν

522 3518 525 3525 .
621 3467 698 3552 ἀγρῷ
713 3468 772 3546 ἰδίῳ
784 3465 876 3550 μόνος.
900 3465 983 3530 ἔδωκε
997 3463 1027 3530 δί
1039 3467 1123 3548 τίρας
1135 3507 1145 3517 -
1159 3505 1170 3517 -
1183 3507 1193 3516 -
1206 3471 1282 3550 φῶς,
1303 3463 1351 3531 καί
1369 3462 1457 3540 οῦτοις
1475 3465 1598 3548 ὄψονται
1615 3465 1665 3549 τήν
1683 3467 1769 3543 δόξαν
1789 3471 1838 3531 τοῦ
1856 3471 1939 3533 θεοῦ·
1960 3463 2009 3532 καί
2026 3465 2089 3550 περὶ
2106 3469 2262 3540 συντελείας

621 3599 670 3659 τοῦ
688 3598 758 3660 ναοῦ
776 3603 906 3675 προεῖπεν
923 3589 967 3660 ὄτι
983 3590 1038 3659 ῦπδ
1053 3593 1158 3666 ἔθνους
1172 3598 1280 3660 δττικοῦ
1297 3593 1455 3678 ῥαγήσεται.
1474 3591 1538 3660 τάτε
1556 3589 1604 3658 καί
1617 3591 1651 3659 τδ
1670 3590 1793 3676 ἀπλωμα
1813 3597 1862 3658 τοῦ
1877 3593 1986 3678 Λαβήρ,
2004 3593 2100 3677 φησίν,
2124 3595 2163 3668 εἰς
2179 3593 2262 3677 μικρά

620 3721 748 3804 ῥήγματα
762 3719 925 3804 ῥαγήσεται,
948 3717 996 3784 καὶ
1009 3718 1047 3784 τά
1062 3719 1198 3804 ἰπίκροινα
1212 3725 1269 3784 τῶν
1283 3719 1331 3786 δῦο
1345 3719 1451 3786 στῦλοιτ
1466 3720 1719 3804 ἀφαιρεθήσονται,
1741 3717 1789 3784 καί
1807 3719 1896 3793 οῦδείς
1914 3719 2049 3805 γνοῦσεται
2066 3725 2121 3786 ποῦ
2140 3721 2262 3787 ἔσονται·

622 3845 696 3913 αῦτά
714 3844 744 3911 δὲ
762 3847 792 3912 ἰν
809 3851 843 3930 τῆ
862 3847 951 3931 ἰρήμφ
970 3846 1211 3930 ἀπενεχθήσοτται
1228 3846 1283 3914 ῦπό
1303 3847 1439 3932 ἀγγελῶν,
1460 3844 1531 3913 ὄπου
1551 3847 1579 3910 ἐν
1598 3847 1670 3930 ἀρχή
1684 3841 1717 3932 ῆν
1734 3847 1752 3932 ῆ
1770 3847 1855 3933 σκηνή
1872 3853 1922 3913 τοῦ
1941 3849 2103 3932 μαρτυρίου·
2126 3849 2264 3921 ἰναῦτοῖε

621 3975 815 4058 γνωσθήσεται
829 3972 874 4039 ἰπί
888 3975 958 4038 τελει
971 3973 1073 4056 κῦριος,
1088 3983 1147 4047 τοῖς
1161 3973 1332 4057 διωκομένοις
1344 3972 1399 4040 ῦπδ
1413 3979 1463 4040 τοῦ
1476 3971 1580 4058 ὄφεως,
1595 3973 1635 4047 ῶς
1649 3974 1680 4052 ἰξ
1694 3975 1782 4060 ἀρχῆς
1795 3971 1849 4060 ῆν.)

731 4106 768 4170 Θ.
789 4107 822 4165 Σ
823 4101 924 4185 οφοτί
926 4127 966 4174 ας
978 4099 1037 4174 υἱός
1045 4105 1145 4184 Χουσῆ
1159 4095 1192 4184 ῆν
1206 4103 1236 4178 ἐξ
1247 4101 1332 4185 ἀγροῦ
1342 4101 1523 4184 Σαβαραθά,
1537 4105 1624 4185 φυλῆς
1630 4101 1759 4183 Συμεών·
1773 4103 1974 4186 προεφήτευσεν
1985 4100 2015 4168 δί
2025 4100 2087 4184 πωί
2098 4106 2148 4186 τῆς
2157 4101 2264 4175 πόλεως

621 4226 670 4293 καί
684 4226 746 4310 περὶ
759 4233 809 4294 τοῦ
822 4229 917 4301 τίλους
930 4233 988 4294 τῶν
1001 4227 1096 4292 ἰθνῶν
1109 4225 1157 4293 καί
1170 4232 1220 4312 τῆς
1234 4228 1363 4313 αάιχόνῆς
1377 4232 1434 4294 τῶν
1449 4227 1566 4313 ἀσεβῶν.
1581 4224 1629 4293 καί
1642 4229 1806 4312 τελευτήσας
1820 4229 1910 4314 ἰτιίφη
1925 4230 1954 4294 ἰν
1969 4229 2045 4314 ἀγρῷ
2060 4229 2154 4295 αῦτοῦ.

729 4350 796 4439 (ΙΓ.
818 4361 851 4420 Σ
852 4356 994 4437 οφοτίας
1006 4349 1039 4438 ῆν
1053 4355 1083 4418 ἐκ
1096 4359 1183 4438 φυλῆς
1196 4353 1313 4436 Συμεάν
1327 4355 1357 4433 ἐξ
1371 4355 1457 4439 ἀγροῦ
1467 4354 1648 4439 Σαβαραθά
1663 4349 1744 4428 οῦτος
1758 4355 1944 4440 προεφήτευσε
1957 4353 2020 4439 περὶ
2033 4361 2082 4440 τῆς
2095 4354 2203 4430 πόλεως
2217 4353 2263 4421 καὶ

622 4480 685 4566 περί
698 4483 792 4554 τιλους
806 4483 900 4546 ἐθνῶν
912 4477 961 4545 καί
976 4480 1105 4564 αἰσχῦνιγς
1119 4481 1236 4566 ἀσεβῶν.
1251 4477 1300 4545 καί
1312 4481 1415 4547 θανιόν
1429 4481 1519 4566 ε’τάφτγ
1534 4481 1563 4547 ἰν
1576 4481 1654 4566 ἀγρῷ
1669 4479 1777 4568 αῦτοῦ.)

729 4614 753 4671 l.
774 4609 931 4691 Ἀγγαῖος
944 4608 1005 4680 νίος
1018 4601 1105 4690 ῆλθεν
1119 4607 1149 4671 ἰκ
1163 4611 1336 4692 Βαβυλῶνος
1349 4609 1387 4681 εἰς
1398 4607 1585 4692 Ἰερουσαλήμ,
1605 4605 1653 4673 καί
1666 4613 1796 4693 φανερῶς
1808 4606 1871 4692 περὶ
1885 4613 1934 4692 τῆς
1948 4611 2115 4694 ἐπιστροφῆς
2128 4615 2178 4676 τοῦ
2195 4614 2264 4674 λαοῦ

622 4735 837 4820 προεφήτευσεν,
862 4731 910 4799 καί
929 4730 986 4799 ἴδεν
1009 4734 1039 4799 ἐκ
1058 4735 1156 4818 με’ρους
1177 4733 1227 4818 τῆν
1249 4733 1393 4819 οἰκοδομήν
1414 4739 1464 4801 τοῦ
1484 4740 1562 4802 ναοῦ.
1586 4733 1634 4801 καί
1654 4735 1757 4802 θανάν
1775 4735 1865 4819 ἰτάφρ
1887 4735 2003 4803 ε’τοόπιον
2024 4740 2073 4802 τοῦ
2094 4737 2187 4821 τάφου
2208 4741 2264 4802 τῶν

622 4865 714 4946 ἰερίωτ
729 4862 854 4939 ἕτδόξως.

731 4987 798 5073 (M.
824 4988 983 5073 Ἀγγαῖος
1002 4987 1097 5072 μικρὸς
1116 4983 1203 5072 ῆλθεν
1226 4989 1256 5053 ἐκ
1276 4993 1449 5074 Βαβυλῶνος
1551 4987 1818 5074 προεφήτευσε,καί
1839 4991 1909 5056 εἰδεν
1930 4991 1960 5055 ἐκ
1980 4991 2078 5075 μίρους
2095 4989 2144 5074 τῆν
2163 4989 2264 5054 οἰκοδο

623 5115 676 5200 μῆτ
697 5119 747 5181 τοῦ
769 5119 846 5181 ναοῦ.
867 5113 916 5180 καί
938 5113 1040 5180 θανάν
1062 5114 1150 5198 τ’τάφη
1171 5117 1286 5199 πλησίον
1307 5121 1357 5182 τοῦ
1377 5116 1470 5199 τάφου
1491 5121 1548 5182 τῶν
1566 5117 1659 5200 ἱερέων
1680 5117 1809 5195 ἐνδόξως·
1831 5111 1935 5202 ῆνγάρ
1954 5115 2106 5190 καίαῦτῦς
2125 5117 2267 5200 ἐκγόνους

625 5238 838 5328 ἀρχιερατικοῦ.)

731 5373 790 5436 ΙΑ.
814 5371 994 5454 Ζαχαρίας
1006 5369 1065 5442 νίδς
1077 5372 1226 5453 Βαραχίου
1239 5363 1325 5453 ῆλθετ
1340 5370 1399 5437 ἀπὸ
1412 5373 1569 5437 Χαλδαάυτ
1587 5373 1626 5444 εἰς
1641 5371 1829 5455 Ἰερουσαλήμ,
1848 5368 1899 5456 ήδη
1916 5371 2106 5456 προβεβηκώς,
2129 5371 2211 5435 κάκεῖ
2225 5373 2267 5450 τῷ

624 5502 686 5578 λαῷ
701 5497 792 5562 πολλά
806 5497 1006 5582 προεφήτευσεν
1020 5493 1068 5562 καί
1082 5497 1187 5582 τέρατα
1202 5497 1301 5562 ἔδωκεν
1314 5498 1353 5572 εἰς
1367 5497 1515 5576 ἀπόδειξιν.
1535 5497 1567 5574 ὃς
1580 5495 1627 5564 καί
1641 5502 1681 5579 τῷ
1694 5495 1824 5564 Ἰωσεδὲκ
1837 5499 1912 5563 εἶπεν
1926 5495 1968 5564 ὄτι
1982 5497 2116 5582 γεννήσεις
2129 5495 2200 5572 υἰόν,
2218 5492 2268 5561 καὶ
