5244 6618
989 775 1164 838 SYRIAOI.
1191 776 1373 839 ARABIOI.

1131 1029 1224 1111 XV.

466 1214 499 1302 1)
522 1214 617 1281 Folia
634 1213 882 1280 membranacea
899 1213 1153 1302 palimpsesta
1171 1213 1252 1296 52³³)
1272 1216 1306 1278 in
1324 1215 1372 1297 4⁰,
1396 1215 1505 1301 priore
1525 1215 1688 1302 scriptura
1708 1214 1880 1302 Syriaca,
1897 1216 1999 1282 altera

358 1341 562 1409 Armeniaca.
593 1340 801 1430 Syriacarum
821 1339 1000 1406 litterarum
1022 1343 1145 1406 formae
1167 1342 1224 1406 vix
1245 1339 1323 1405 alibi
1341 1349 1489 1428 repertae
1505 1363 1664 1406 summam
1682 1343 1905 1428 antiquitatem
1924 1366 1998 1430 pro·

359 1471 448 1536 dunt.
491 1469 546 1534 Ex
569 1469 730 1534 sententia
750 1469 894 1532 virorum
914 1469 1091 1554 scripturae
1112 1467 1277 1533 orientalis
1296 1464 1475 1554 peritorum
1493 1469 1676 1552 fragmenta
1693 1467 1775 1533 haec
1794 1469 1836 1534 ad
1852 1471 1999 1556 quintum

357 1599 427 1664 iere
450 1596 615 1662 saeculum
635 1595 810 1663 referenda
831 1604 914 1660 sunt.
964 1593 1056 1675 Quae
1079 1593 1246 1681 hucusque
1261 1594 1346 1660 lecta
1363 1605 1453 1678 sunt,
1475 1595 1518 1660 ad
1539 1597 1838 1682 interpretationem
1861 1619 1998 1683 evange·

357 1723 474 1788 liorum
492 1725 655 1810 pertinent
672 1722 840 1809 hucusque
863 1724 1071 1808 incognitam.
1113 1720 1242 1786 Folium
1261 1721 1382 1809 duplex
1402 1723 1583 1787 recentiore
1603 1725 1764 1810 scriptura
1783 1745 1850 1788 non
1864 1746 1998 1811 cooper-

357 1859 426 1915 tum
446 1875 466 1916 a
482 1849 588 1916 tribus
608 1848 729 1914 ultimis
743 1849 853 1915 verbis
867 1849 949 1914 Luc.
966 1848 1015 1931 18,
1030 1847 1081 1914 43.
1097 1848 1211 1935 incipit
1225 1857 1257 1914 et
1271 1851 1339 1914 exit
1354 1849 1403 1931 19,
1419 1848 1448 1912 8.
1491 1849 1553 1914 His
1569 1871 1611 1914 ex
1623 1851 1738 1937 paucis
1753 1850 1903 1916 versibus
1919 1853 1999 1916 satis

357 1977 555 2042 intellectum
574 1986 624 2042 est
642 1978 827 2062 interpretis
846 1977 1022 2061 ingenium.
1063 1975 1097 2040 Is
1113 1977 1213 2060 enim,
1224 1999 1244 2040 a
1257 1984 1349 2040 textu
1364 1997 1459 2061 quem
1473 1973 1662 2042 Peschittho
1678 1975 1776 2062 vulgo
1791 1988 1911 2042 vocant
1924 2000 1999 2065 pro·

357 2103 522 2186 ficiscens,
540 2113 611 2170 tota
624 2112 731 2168 mente
746 2103 781 2167 in
795 2102 829 2166 id
843 2101 1064 2185 incumbebat,
1083 2111 1120 2167 ut
1134 2099 1263 2168 Graeca
1277 2124 1374 2188 quam
1387 2102 1576 2168 fidelissime
1590 2102 1755 2186 redderet,
1777 2105 1879 2169 invito
1894 2105 1999 2190 ipsius

359 2229 461 2318 Syrae
476 2229 606 2316 linguae
620 2231 761 2314 ingenio.
805 2229 892 2294 Hinc
911 2230 1043 2294 nomina
1055 2231 1190 2316 propria
1203 2228 1361 2294 Iohannis
1378 2239 1410 2294 et
1423 2228 1505 2296 Jesu
1518 2252 1584 2296 non
1599 2229 1760 2312 Semiticis
1776 2230 1899 2314 formis,
1917 2254 1998 2317 quae

358 2355 547 2443 placuerant
567 2357 673 2444 primo
697 2357 874 2444 interpreti,
898 2356 957 2422 sed
974 2357 1062 2439 Isos,
1085 2355 1222 2421 thanis
1244 2356 1404 2440 reddidit,
1425 2355 1607 2441 verborum¹
1624 2338 1772 2423 ordinem
1794 2358 1829 2422 in
1847 2359 1999 2422 versione

357 2483 546 2550 Pesohittho
568 2481 746 2570 paullulum
767 2485 970 2548 immutatum
992 2491 1143 2548 scemate
1165 2483 1208 2548 ad
1231 2482 1330 2548 fidem
1352 2481 1514 2549 Graecam
1534 2485 1689 2566 restituit3
1719 2483 1891 2568 vocabula,
1917 2508 1999 2571 quae

358 2633 424 2675 non
448 2612 567 2696 optime
587 2610 782 2676 videbantur
796 2609 929 2698 Syriaco
949 2613 1031 2674 verti
1050 2632 1158 2696 posse,
1180 2610 1254 2696 ipsa
1267 2611 1408 2693 retinuit,
1431 2620 1467 2675 ut
1486 2609 1621 2676 uchlitso
1636 2631 1696 2697 pro
1711 2617 1792 2696 οχλος
1805 2612 1885 2676 Luc.
1903 2613 1953 2694 19,
1967 2613 1997 2677 3.

357 2737 411 2802 Ex
432 2737 483 2801 his
499 2737 656 2826 exemplis
680 2737 802 2802 clarum
824 2739 885 2801 erit
905 2737 987 2802 haec
1005 2737 1188 2822 fragmenta
1208 2737 1342 2802 maximi
1360 2737 1514 2803 faciunda
1532 2760 1605 2802 osse
1624 2740 1747 2824 pariter
1761 2737 1860 2825 Syras
1874 2737 1998 2804 litteras

359 2875 454 2950 atque
477 2887 547 2929 rem
561 2865 647 2930 Novi
661 2865 861 2930 Testamenti
880 2865 1026 2930 criticam
1043 2865 1203 2929 tractanti.
1249 2862 1346 2928 Certe
1361 2865 1447 2929 enim
1461 2865 1495 2929 in
1509 2887 1545 2928 re
1560 2865 1682 2946 critica,
1705 2887 1803 2951 quum
1816 2887 1876 2952 pro
1892 2875 1999 2932 aetate

323 2989 335 3010 ⁸
359 3015 423 3080 qua
438 2993 561 3078 scripta
575 3001 659 3074 sunt,
674 3000 743 3055 tum
757 3014 817 3077 pro
833 2993 958 3056 ratione
974 3013 1037 3077 qua
1050 2991 1210 3078 interpres
1227 2989 1328 3078 Syrus
1349 2990 1391 3056 ad
1408 2989 1570 3056 Graecum
1583 3001 1708 3056 textum
1724 3015 1758 3056 se
1775 2991 1998 3075 conformavit,

359 3119 474 3186 eodem
496 3117 569 3186 loco
591 3117 744 3206 ponenda
765 3126 840 3182 sunt
861 3141 935 3182 cum
956 3117 1094 3183 testibus
1119 3117 1254 3183 Graecis
1277 3119 1398 3183 nostris
1420 3119 1632 3203 gravissimis.
1681 3118 1764 3184 Sunt
1784 3119 1818 3182 in
1838 3119 1888 3183 his
1911 3118 1998 3184 foliis

360 3270 441 3336 quae
457 3269 554 3332 aegre
569 3245 635 3331 legi
650 3254 782 3332 queant3
807 3243 867 3309 sed
881 3253 974 3309 caute
989 3243 1142 3309 adhibitis
1158 3245 1311 3310 chemicis
1326 3244 1423 3330 longe
1437 3245 1577 3332 plurima
1590 3245 1718 3310 restitui
1732 3253 1893 3332 poterunt.

463 3371 497 3459 2)
519 3372 614 3437 Folia
635 3369 884 3437 membranacea
905 3370 1157 3458 palimpsesto
1177 3373 1328 3438 rmdeoim
1350 3374 1385 3438 iu
1407 3373 1456 3456 4⁰,
1479 3374 1671 3460 perantiqua
1693 3381 1726 3437 et
1746 3374 1835 3460 ipsa,
1858 3374 1999 3460 primum

358 3502 518 3595 Syrisce
534 3501 665 3586 scripta,
680 3497 967 3586 postArmeniace.
990 3498 1126 3586 Syriaca
1137 3521 1203 3565 non
1214 3509 1289 3564 eunt
1304 3498 1415 3564 biblici
1429 3502 1619 3584 argumenti,
1636 3499 1695 3565 sed
1708 3510 1824 3565 neutra
1839 3501 2000 3587 scriptura

357 3628 540 3693 accuratius
555 3626 710 3712 indagata
725 3636 784 3691 est.

462 3753 496 3840 3)
520 3752 615 3818 Folia
629 3753 693 3818 duo
709 3751 968 3850 membranacea,
993 3752 1139 3818 eiusdem
1153 3762 1189 3818 ut
1202 3751 1331 3818 videtur
1346 3753 1468 3818 codIcis
1483 3752 1669 3819 Armeniaci
1683 3763 1793 3839 partes
1809 3763 1905 3839 atque
1920 3753 2000 3820 folia

357 3881 569 3968 palimpsesto
583 3902 622 3944 ea
637 3879 677 3943 de
693 3877 809 3966 quibus
825 3879 922 3944 modo
938 3879 1060 3944 dictum
1075 3889 1133 3964 cst,
1148 3881 1213 3944 nisi
1227 3879 1315 3966 quod
1328 3901 1394 3944 non
1409 3879 1530 3945 habent
1543 3881 1758 3966 antiquiorem
1774 3881 1976 3966 scripturam.

465 4283 497 4372 1)
522 4284 638 4350 Codex
659 4284 925 4350 membranaceus
940 4283 1133 4350 Arabicus
1155 4284 1308 4351 foliorum
1330 4283 1371 4351 75
1390 4285 1425 4350 in
1446 4284 1502 4350 fol.
1521 4287 1597 4350 min.
1614 4285 1783 4373 Scriptura
1803 4297 1836 4352 et
1857 4289 2000 4354 maxima

359 4413 521 4498 elegantia
543 4421 593 4477 est
614 4421 647 4476 et
667 4413 793 4476 ratione
815 4413 1053 4501 antiquissima:
1085 4415 1270 4499 proximum
1294 4413 1380 4478 enim
1407 4436 1427 4478 a
1447 4411 1566 4478 Kufica
1588 4413 1751 4500 scriptura
1770 4411 1878 4480 locum
1901 4424 1998 4499 tenet,

235 4534 238 4540 ’
359 4541 489 4628 punctis
505 4539 680 4604 diacriticis
695 4561 828 4625 perraro
847 4541 953 4627 prima
967 4563 1065 4606 manu
1080 4539 1208 4626 additis.
1251 4541 1449 4606 Litterarum
1463 4537 1678 4604 Arabicarum
1692 4539 1772 4604 nihil
1787 4539 1876 4606 aliud
1890 4552 1998 4607 tantae

357 4667 556 4752 antiquitatis
583 4668 764 4732 innotuisse
789 4667 920 4732 videtur
946 4669 1009 4732 nisi
1039 4667 1243 4755 syngraphus
1268 4665 1322 4732 ille
1348 4689 1552 4754 papyraceus
1574 4668 1608 4731 in
1630 4689 1724 4732 usum
1744 4669 1998 4754 peregrinatoris

359 4791 481 4859 saeculi
495 4816 526 4880 p.
544 4791 621 4856 Chr.
637 4795 744 4858 octavi
760 4795 899 4880 scriptus
921 4791 976 4878 (de
998 4817 1061 4881 quo
1078 4793 1233 4860 Silvestre
1249 4794 1289 4860 de
1304 4793 1390 4880 Sacy
1405 4795 1568 4881 exposuit,
1588 4793 1628 4858 of.
1644 4791 1817 4858 Memoires
1834 4793 1998 4860 d'histoire

360 4921 400 4986 de
415 4920 595 4985 litterature
610 4919 765 4984 orientale
779 4943 811 5008 p.
828 4921 869 4986 70
884 4918 968 5008 sqq.)
986 4944 1059 4986 cum
1074 4923 1190 4986 ceteris
1206 4943 1288 5008 quse
1303 4931 1416 4986 nostra
1430 4923 1586 4986 memoria
1601 4929 1749 5006 repertae
1765 4931 1839 4984 sunt
1854 4920 1998 5006 reliquiis

360 5047 534 5113 eanmdem
559 5046 739 5112 litteramm
765 5048 968 5134 papyraceis.
1019 5047 1177 5134 Ejusdem
1199 5049 1284 5112 enim
1307 5049 1413 5113 octavi
1434 5045 1555 5112 saeculi
1572 5045 1771 5129 Flcischero,
1793 5049 1863 5111 viro
1882 5046 1999 5112 Arabi-

358 5195 469 5238 carum
489 5171 669 5238 litterarum
691 5183 727 5238 ut
749 5181 876 5238 constat
896 5171 992 5260 longe
1013 5176 1227 5262 peritissimo,
1251 5175 1356 5240 codex
1378 5184 1489 5240 noster
1507 5175 1596 5238 visus
1620 5170 1743 5258 est**).
1794 5171 1848 5238 Ad
1868 5173 1998 5240 laudem

459 5307 481 5370 'l
501 5304 774 5379 Quinquagesimum
787 5305 901 5362 tertium
914 5306 1015 5363 folium
1026 5307 1082 5362 iam
1094 5307 1252 5362 indicatum
1265 5314 1309 5363 est
1320 5324 1405 5378 supra
1417 5308 1470 5362 sub
1483 5306 1562 5360 XHI.
1574 5306 1598 5358 2.
1611 5305 1715 5375 triplici
1728 5307 1868 5376 scriptura
1879 5306 1998 5377 insigne.

448 5404 482 5464 ”J
507 5397 551 5455 Cf.
569 5398 735 5454 zeitschrift
756 5401 808 5454 der
824 5399 990 5455 Deutschen
1010 5399 1296 5472 morgenlitndischen
1313 5398 1514 5456 Gcsellschaft.
1532 5398 1615 5453 Band
1632 5397 1710 5453 VIII.
1732 5397 1760 5454 S.
1778 5399 1931 5455 ost-587.
1947 5401 1998 5456 ubi

359 5481 386 5536 S.
403 5483 426 5536 V
428 5499 471 5538 en.
483 5483 632 5538 Fleischer
648 5483 725 5539 huno
743 5484 872 5538 codicem
890 5501 948 5539 una
965 5502 1029 5540 cum
1043 5485 1135 5539 tribus
1153 5486 1272 5560 reliquis
1289 5483 1457 5558 fragmentis
1471 5483 1610 5552 Arabicis,
1625 5483 1661 5538 de
1674 5482 1777 5554 quibus
1790 5483 1866 5539 infra
1879 5486 1997 5554 dicetur,

357 5565 496 5622 describit
508 5575 537 5623 et
548 5568 680 5638 illustrat,
697 5568 802 5624 additis
816 5568 901 5624 etiam
913 5570 1052 5624 accuratis
1065 5568 1221 5641 scripturae
1234 5570 1443 5642 speciminibus.
