5244 6618
426 933 584 1016 Καθώς*)
610 931 640 1000 δὲ
666 929 749 1018 φησὶν
771 925 848 1016 (hoc
870 938 1007 996 accentu
1028 925 1148 1015 codex)

364 1063 521 1148 ἐγκωμιάζει
539 1063 589 1130 τόν
607 1057 795 1146 εὐαγγελιστίγν
812 1059 941 1141 Ἰωάννην
955 1056 1120 1142 Σωφρόνιος
1134 1055 1150 1122 6

364 1190 520 1274 ἀγιώτατος
540 1188 713 1272 πατριάρχης
733 1185 933 1271 Ἱεροσολύμων.
961 1184 1082 1250 διδάσκει
1102 1183 1152 1268 τὴν

363 1322 413 1384 τοῦ
427 1321 498 1382 θεοῦ
513 1316 657 1398 εἰαιλησίαν
671 1311 714 1382 ότι
727 1311 821 1398 πατὴρ
835 1318 884 1378 τοῦ
898 1311 1034 1396 θεολόγον
1045 1311 1061 1376 6
1073 1317 1153 1395 Ζεβε-

364 1451 443 1518 δαῖον
456 1439 501 1528 ἶν’
522 1439 585 1526 ἡδέ
597 1441 684 1525 ν’τω
698 1440 832 1524 Σθενίου
847 1437 976 1523 θυίων
989 1437 1091 1521 Ἰνθιν
1105 1441 1155 1503 τοῦ

363 1571 601 1654 μνηστευσαμίνου
620 1567 669 1653 τὴν
690 1568 773 1652 ἀγίαν
787 1566 931 1633 θεοτόκον.
954 1564 970 1632 6
985 1564 1039 1649 γάρ
1052 1563 1154 1648 Ἰωσὴφ

364 1699 505 1781 τεσσαρας
525 1695 600 1769 υἱοίις
622 1695 699 1779 ἔσχεν
721 1691 769 1760 καί
790 1695 952 1779 θυγατέρας
972 1703 1057 1776 τρεῖς·
1080 1691 1155 1765 υἱοὺς

363 1822 412 1906 μὲν
433 1824 583 1908 Ἰάκωβον,
604 1825 740 1905 Σίμωνα,
766 1821 872 1886 Ἰσίδαν
895 1818 942 1886 καί
964 1821 1044 1903 Ἰωσῆ
1067 1814 1153 1903 (cod.

364 1949 439 2015 Par.
461 1945 592 2036 Ἰωσηφ)·
616 1950 777 2032 θυγατέρας
804 1945 834 2012 δὲ
855 1947 904 2031 τίγν
928 1973 959 2012 τε
978 1944 1085 2030 Ἐσθίγρ
1107 1942 1155 2010 καί

364 2077 414 2162 τίγν
429 2077 563 2160 Μάρθαν
584 2075 632 2142 καί
654 2075 703 2159 την
722 2075 872 2158 Σαλώμην,
887 2071 946 2158 ἦτις
966 2069 999 2158 ι’,ν
1020 2072 1084 2157 γυνὴ
1106 2069 1155 2156 μὲν

364 2206 527 2289 Ζεβεδαίου,
549 2203 636 2286 μίγιηρ
658 2200 688 2267 δὲ
708 2202 850 2267 Ἰωάννου·
874 2201 1002 2266 ε’ντείνθεν
1023 2199 1039 2266 6
1061 2198 1153 2284 σωτὴρ

365 2342 445 2405 θεῖος
466 2326 499 2415 ἦν
519 2329 650 2396 Ἰωάννου
671 2328 710 2402 ώς
732 2328 852 2411 ἀδελφός
873 2333 923 2411 τῆς
944 2327 1085 2411 Σαλώμης
1105 2331 1154 2410 τῆς

316 2459 322 2482 “
364 2458 510 2542 θυγατρὸς
522 2457 632 2540 Ἰωσήφ.
697 2451 740 2522 ότι
757 2456 841 2538 μόνον
856 2453 904 2520 τόν
920 2451 997 2537 ἀγιον
1012 2452 1154 2536 Πίτρονὸ

365 2587 456 2670 κε’·ριος
479 2584 626 2669 ἐβάπτισεν
648 2584 760 2670 οἰκείαις
777 2584 878 2666 χερσίν,
898 2578 945 2646 καὶ
965 2581 1076 2665 Πέτρος
1093 2581 1153 2645 Ἀν-

366 2714 457 2796 δριάν,
479 2709 526 2776 καὶ
543 2711 677 2794 Ἀνδρίοις
693 2709 826 2794 Ἰάκωβον
843 2705 891 2774 καί
903 2708 1041 2791 Ἰωάννην,
1063 2706 1155 2772 Ἰωάν-

364 2867 414 2923 νης
433 2837 463 2904 δὲ
481 2835 530 2904 καὶ
542 2838 676 2922 Ἰάκωβος
689 2837 754 2911 τοὺς
767 2835 880 2909 λοιποὺς
895 2833 1075 2908 ἀποστόλους.

366 2963 409 3032 ότι
422 2965 538 3030 πάντων
551 2965 695 3049 φυγόντων
712 2963 796 3047 μόνος
808 2963 939 3046 Ἰωάννης
952 2961 968 3028 6
982 2961 1156 3046 ι’γγατιημίνος

366 3093 439 3158 ὄντε
453 3097 487 3176 τῇ
502 3092 658 3176 παραδόσει
674 3084 871 3176 (eod-ddum)
886 3086 934 3154 καὶ
949 3090 977 3154 ἐν
988 3093 1029 3170 τῷ
1042 3093 1154 3171 σταυρῷ

366 3221 499 3304 παρίστη,
520 3217 568 3285 καὶ
586 3219 626 3292 είς
639 3219 689 3286 τόν
702 3218 795 3302 τάφον
810 3221 859 3282 τοῦ
873 3218 966 3300 κυρίου
979 3220 1091 3300 πρώτος
1105 3219 1154 3280 τοῦ

367 3348 479 3431 Πίτρου
499 3339 595 3430 ἦλθεν,
617 3343 671 3410 κάν
689 3349 800 3428 πρώτος
818 3343 867 3410 οὐκ
882 3345 1021 3426 εἰσῆλθεν·
1044 3339 1092 3407 καὶ
1111 3339 1155 3409 ότι

366 3473 416 3558 τόν
435 3473 519 3558 ἁγίαν
533 3471 670 3538 θεοτόκον
690 3473 729 3545 είς
742 3471 780 3536 τά
795 3469 852 3536 ίδια
866 3471 963 3555 ’ἔλαβεν
977 3468 994 3535 6
1008 3468 1154 3551 θεολόγος·

366 3599 413 3666 καὶ
432 3598 475 3666 ὅτι
493 3599 582 3673 όντως
600 3596 645 3664 ε’πὶ
664 3603 713 3682 γῆς
726 3609 799 3683 τρεῖς
812 3599 932 3682 μητέρας
947 3597 1066 3680 ἔσχηκεν,
1089 3597 1155 3679 μιάν

366 3725 414 3810 μὲν
432 3727 482 3810 τίγν
501 3725 651 3810 Σαλώμην,
674 3726 704 3803 εξ
721 3719 754 3810 ἧς
771 3722 820 3790 καὶ
838 3725 1000 3808 γεγέννηται,
1026 3723 1155 3806 δευτέραν

368 3853 397 3920 δὲ
418 3851 462 3922 ότι
483 3857 600 3940 βροντῆς
621 3853 679 3926 υἱός
699 3851 876 3937 ἐχρημάτισεν
894 3850 976 3935 παρά
989 3854 1040 3915 τοῦ
1053 3850 1154 3933 κυρίου,

367 3985 460 4066 τρίτην
480 3978 509 4046 δὲ
527 3979 577 4064 τίγν
600 3979 683 4064 ἀγιάν
699 3981 827 4062 Μαρίαν,
849 3976 925 4043 κατά
942 3976 975 4043 τό
994 3973 1082 4060 ῥηθὲν
1100 3974 1155 4040 ὑπὸ

367 4113 416 4174 τοῦ
443 4109 536 4192 κυρίου
556 4105 628 4172 Ἰδοὺ
653 4105 669 4188 ἡ
692 4106 779 4190 μήτηρ
801 4132 859 4172 σου.
938 4101 981 4171 ότι
1001 4102 1051 4188 τὴν
1072 4101 1156 4187 ἁγίαν

367 4235 505 4301 θεοτόκον
526 4234 637 4318 Πέτρος
655 4231 703 4298 καί
716 4232 847 4316 Ἰωάννης
861 4231 1028 4318 ἕβάπτισαν·
1052 4227 1099 4294 καί
1113 4227 1156 4296 ότι

369 4361 446 4444 μέχρι
466 4366 516 4442 τῆς
537 4361 687 4444 κοιμήσεως
708 4364 790 4444 συνῆν
812 4359 882 4441 αὐτῇ
907 4357 923 4424 6
944 4357 1087 4442 θεολόγος,
1109 4354 1156 4421 καί

367 4487 438 4570 μετά
452 4487 502 4571 τίγν
517 4487 602 4570 αι’πῑγς
616 4489 738 4570 κοίμησιν
752 4479 839 4570 ίγλθεν
854 4485 882 4550 ἕν
895 4485 1009 4570 Ἐφέσῳ.

435 4609 525 4687 Οὗτος
536 4611 566 4678 δὲ
577 4611 651 4680 ἐστίν
665 4609 724 4698 (ita
733 4610 852 4698 codex)
867 4613 1003 4696 Ἰωάννης,
1018 4611 1050 4678 ὃν
1061 4611 1158 4696 ἠγάπα

368 4740 384 4806 6
399 4741 498 4824 κόρως,
513 4739 530 4806 6
544 4739 591 4806 καί
606 4741 761 4824 παρθένος,
776 4741 792 4806 6
806 4739 839 4806 τό
854 4741 923 4805 καθ’
940 4739 1040 4806 ἑαυτὸν
1052 4740 1157 4823 εόαγγί-

367 4874 425 4933 λων
447 4867 688 4951 συγγραψάμενος,
709 4863 785 4941 ὅστις
806 4867 897 4950 ἔμενεν
915 4867 944 4932 ἐν
963 4865 1158 4950 Ἱεροσολύμοις

368 4996 407 5068 είς
429 4993 478 5078 τίγν
501 4994 645 5078 λεγομινην
667 4993 751 5078 ἀγίαν
771 4992 850 5058 Σιών
868 4991 918 5077 τὴν
935 4998 992 5058 τών
1011 4993 1157 5076 ε’κκλησιών

367 5123 479 5204 μητίρα.
503 5121 531 5186 ἕν
554 5122 624 5204 αι’πη
643 5117 673 5185 δὲ
691 5115 725 5204 ἦν
743 5119 760 5203 ἡ
780 5121 854 5185 οἰκία
873 5120 967 5186 αὐτοῦ.
990 5120 1046 5185 ἐκεῖ
1057 5121 1157 5203 ἔφυγον

1969 723 2010 789 23

1218 931 1244 995 οἱ
1267 929 1419 997 ἀπόστολοι
1443 928 1490 994 διά
1511 928 1560 995 τὸν
1581 927 1670 1012 φόβον
1691 933 1748 994 τών
1771 929 1924 996 Ἰουδαάνν·
1954 930 2011 994 ἐκεῖ

1218 1067 1278 1131 τοῖς
1297 1065 1443 1141 μαθηταῖς
1464 1055 1552 1140 ε’φάνη
1571 1055 1587 1121 6
1607 1055 1697 1140 κόριος
1714 1055 1786 1140 μετά
1800 1056 1834 1122 τό
1851 1056 2007 1140 ἀναστῆναι

1221 1183 1307 1252 αι’πόν
1342 1184 1372 1248 ἐκ
1406 1189 1508 1266 καιρῶν
1544 1188 1601 1248 τών
1628 1187 1727 1266 θυρεόν
1748 1188 1941 1265 κεκλεισμενών
1961 1184 2008 1250 καί

1222 1313 1321 1377 ἔδωκεν
1343 1311 1437 1384 αότοῖς
1459 1315 1567 1394 πνεῦμα
1589 1307 1680 1394 άγιον·
1703 1311 1808 1394 ε’κεῖτῇ
1827 1310 1909 1395 ὀγδόη
1922 1309 2010 1394 ἡμέρα

1223 1438 1443 1523 ἕπληροφόρησιν
1469 1443 1579 1521 Θωμᾶν
1606 1439 1701 1515 δείξας
1729 1437 1805 1518 αὐτῷ
1823 1437 1888 1512 τοὺς
1909 1439 2011 1512 τόπους

1223 1561 1313 1651 (Par.
1349 1564 1399 1631 τόν
1434 1561 1534 1651 ω’νπον)
1572 1569 1629 1630 τῶν
1656 1561 1741 1648 ἥλων·
1768 1566 1826 1632 ἐκεῖ
1850 1565 2010 1650 ἡτοιμάσθη

1221 1703 1320 1778 φαγεῖν
1338 1691 1371 1760 τὸ
1390 1692 1489 1776 πάσχα
1507 1691 1579 1775 μετά
1593 1697 1650 1757 τών
1663 1697 1803 1776 μαθητῶν
1819 1693 1904 1759 αι’τοῦ
1920 1689 2008 1778 (Par.

1223 1821 1281 1886 ἐκεῖ
1295 1821 1396 1904 ἔφαγεν
1413 1819 1463 1885 τόν
1482 1826 1592 1885 δεῖπνον
1609 1825 1643 1902 τῇ
1659 1818 1726 1904 ἀγίᾳ
1741 1815 1791 1906 ε’)·
1812 1820 1920 1885 ἐκεῖθεν
1933 1819 2011 1904 όμυίγ

1222 1973 1322 2020 σαντες
1336 1948 1456 2030 ἐξῆλθον
1470 1948 1509 2020 εἰς
1529 1945 1562 2013 τό
1578 1945 1643 2030 όρος
1658 1952 1715 2011 τών
1737 1947 1837 2012 ελαιών
1858 1948 1897 2021 είς
1909 1950 2011 2031 χωρίον

1222 2082 1253 2140 Γ
1249 2079 1388 2158 εθσιμαυῆ
1405 2068 1477 2159 (εἰσ,
1492 2072 1568 2138 Par.
1584 2079 1616 2137 Γ
1612 2070 1795 2158 εθσημανεί)·
1818 2074 1875 2140 ἐκεῖ
1890 2074 1923 2142 τό
1938 2080 2010 2157 πρώ-

1221 2229 1270 2266 τον
1288 2200 1435 2284 μυστήριον
1456 2200 1584 2268 ίτίλεσαν
1603 2201 1630 2266 οἱ
1643 2199 1802 2276 ἀπόστολοι,
1825 2201 1880 2286 πρό
1895 2203 2010 2267 πάντων

1222 2329 1372 2394 ε’πιίτκοπον
1393 2327 1634 2412 χειροτονήσαντες
1658 2326 1802 2414 Ἰάκωβον·
1829 2329 1862 2395 οίν
1883 2329 1932 2396 τόν
1953 2329 2011 2396 υἱὸν

1221 2457 1373 2539 Ζεβεδαίου
1394 2453 1443 2522 τὸν
1466 2453 1587 2538 ἀδελφόν
1604 2454 1734 2520 Ἰωάννου
1753 2461 1803 2522 τοῦ
1822 2457 2012 2541 εὐαγγελιστοῦ

1221 2584 1305 2667 λέγω,
1330 2580 1404 2646 ἀλλά
1425 2581 1474 2648 τόν
1496 2581 1617 2665 ἀδελφόν
1641 2587 1691 2648 τοῦ
1711 2584 1805 2667 κυρίου
1825 2581 1902 2668 ίγμών
1923 2584 2011 2668 Ἰησοῦ

1222 2713 1348 2794 Χριστοῦ
1369 2707 1445 2773 κατά
1466 2708 1572 2793 σάρκα,
1596 2709 1645 2775 τὸν
1666 2708 1714 2776 καί
1733 2708 1793 2776 υἱόν
1814 2715 1863 2776 τοῦ
1884 2711 2012 2784 τεόιτονος

1220 2837 1330 2919 Ἰωσήφ.
1361 2833 1377 2901 6
1408 2835 1462 2919 γάρ
1490 2835 1622 2920 Ἰάκωβος
1650 2835 1819 2922 όμαθητίγς
1847 2842 1897 2904 τοῦ
1919 2841 2012 2922 κυρίου

1221 2963 1279 3038 υἱός
1298 2965 1347 3046 μέν
1362 2963 1420 3029 ε’στι
1432 2965 1596 3047 Ζεβεδαίου,
1619 2963 1740 3047 ἀδελφός
1763 2961 1793 3028 δὲ
1811 2964 1941 3030 Ἰωάννου
1962 2971 2013 3030 τοῦ

1222 3090 1411 3174 εὐαγγελιστοῦ
1446 3089 1477 3153 ἐκ
1504 3114 1554 3172 της
1580 3090 1730 3164 Ἰουδαίας·
1759 3098 1909 3176 Ζεβεδαῖος
1937 3091 1967 3157 δὲ
1996 3092 2012 3158 6

1221 3216 1315 3302 πατὴρ
1330 3217 1423 3284 αὐτῶν
1445 3217 1647 3315 ι’δωγαόκληρος
1665 3217 1779 3302 λέγεται,
1799 3223 1856 3284 τών
1875 3216 1905 3284 δὲ
1924 3219 2012 3304 ε’πισίγ

1221 3371 1281 3428 μων
1296 3343 1406 3426 ἀνδροῖν
1419 3342 1539 3428 ὑπῆρχεν
1553 3349 1673 3429 πρῶτος.

1282 3467 1367 3537 Ὃδέ
1387 3470 1403 3537 6
1424 3471 1554 3553 Ἰωάννης
1575 3471 1663 3552 ε’ντιβ
1681 3473 1742 3538 κατ’
1765 3473 1851 3540 αι’πόν
1865 3474 2011 3559 danaum

1222 3595 1284 3681 περὶ
1298 3599 1399 3664 ἑαυτοῦ
1412 3599 1489 3682 λίγα,
1503 3595 1546 3666 ότι
1560 3598 1576 3665 6
1589 3599 1722 3684 μαθητὴς
1736 3594 1879 3686 ε’κεῖνοςῖγν
1890 3603 2013 3686 γνωστὸς

1222 3729 1263 3805 τῷ
1288 3725 1413 3810 ἀρχιερεῖ,
1436 3725 1566 3810 τοιαότην
1586 3725 1639 3810 ἔχει
1656 3725 1706 3810 τὴν
1725 3727 1848 3810 δήλωσιν.
1863 3724 1945 3803 οἶτος
1959 3729 2012 3814 γάρ

1222 3851 1294 3934 μετά
1321 3849 1371 3935 τὴν
1399 3851 1525 3936 τελευτὴν
1549 3855 1701 3938 Ζεβεδαίου
1729 3858 1778 3920 τοῦ
1807 3855 1876 3919 ἰδίου
1905 3857 2013 3940 πατρὸς

1223 3979 1345 4044 ἀπέδοτο
1361 3972 1447 4062 (eod.
1457 3975 1693 4066 uterque-dono)
1710 3980 1759 4065 τὴν
1772 3980 1848 4046 κατά
1856 3987 1887 4045 Γ
1884 3985 2013 4048 αλιλοιίιιν

1223 4110 1317 4189 κτῆσιν
1330 4109 1380 4171 τοῦ
1395 4104 1575 4188 ἕπτλαχόντος
1590 4105 1667 4187 αὐτῷ
1681 4105 1736 4173 ὑπὸ
1744 4111 1896 4193 Ζεβεδαίου
1906 4111 2012 4194 μερους,

1224 4230 1271 4297 καὶ
1295 4232 1430 4316 ἐκτήσατο
1451 4225 1538 4317 (cod.
1559 4239 1695 4318 uterque
1710 4231 1806 4319 e'm'o.)
1828 4235 1857 4300 ἐν
1869 4234 2014 4322 Ἱεροσολύ-

1223 4387 1285 4443 μοις
1300 4355 1388 4443 (Par.
1405 4357 1496 4423 addit
1511 4359 1603 4444 ἕτερον
1617 4357 1735 4446 κτῆμα)
1755 4359 1826 4429 όθεν
1845 4363 1968 4448 γνωστὸς
1980 4359 2013 4448 ἷγν

1224 4485 1292 4572 φησὶ
1310 4492 1351 4568 τῷ
1372 4486 1495 4571 ἀρχιερεῖ
1506 4481 1595 4571 (Par.
1611 4485 1702 4552 addit
1720 4489 1750 4552 ἐκ
1763 4494 1813 4556 τοῦ
1826 4491 1913 4573 με’νειν
1928 4491 2013 4558 αὐτὸν

1224 4615 1264 4688 εἰς
1277 4613 1327 4698 τὴν
1340 4609 1442 4699 πόλιν).
1465 4607 1547 4686 οὗτος
1561 4614 1675 4691 ε’δίξατο
1691 4615 1750 4683 ἀπὸ
1764 4621 1815 4699 τῆς
1828 4618 2013 4702 σταυρώσεως

1225 4745 1274 4807 τοῦ
1288 4745 1414 4826 Χριστοῦ
1435 4739 1485 4823 τίγν
1507 4739 1590 4825 ἁγίαν
1605 4745 1725 4826 Μαρίαν
1745 4743 1773 4807 ἐν
1791 4748 1832 4824 τῷ
1847 4741 1913 4825 οίκην
1928 4745 2013 4812 αἰτοῦ

1225 4866 1346 4933 ε’νΣιών
1368 4868 1445 4951 μέχρι
1467 4872 1516 4950 τῆς
1536 4862 1625 4952 (Par.
1649 4869 1826 4955 interponit
1845 4871 2014 4956 ἀναληίμεως

1226 4995 1311 5078 αὐτῆς
1332 4993 1404 5060 τοῦτ’
1429 4993 1502 5059 ἔστιν
1520 4990 1586 5078 τῆς)
1599 4995 1749 5078 κοιμήσεως
1770 4999 1864 5081 αὐτῆς.
1892 4999 2014 5082 μετάδέ

1224 5122 1274 5207 τὴν
1295 5123 1417 5204 κοίμησιν
1442 5118 1489 5185 καί
1509 5121 1680 5204 μετάστασιν
1702 5123 1787 5208 αὐτῆς
1810 5123 1858 5190 καί
1878 5125 1963 5200 αὐτὸς
1984 5129 2014 5194 ἕν

470 5356 493 5420 *)
512 5353 594 5419 Quae
610 5354 646 5408 ab
663 5353 719 5409 hoe
736 5353 802 5408 inde
820 5353 884 5408 loeo
899 5370 991 5424 usque
1007 5343 1089 5420 ἦλθεν
1105 5352 1234 5423 ενἘφέσῳ
1246 5354 1388 5424 leguntur,
1402 5371 1436 5410 εε
1448 5356 1543 5412 omnia
1553 5357 1583 5412 in
1595 5355 1713 5429 reliquis
1727 5359 1810 5414 codd.
1824 5359 1941 5428 desunt,
1958 5361 2013 5416 nisi

369 5438 447 5508 quod
464 5438 655 5510 fragmentum
672 5437 815 5509 prioribus
833 5436 878 5491 his
895 5439 998 5508 (usque
1014 5459 1038 5490 τ.
1049 5439 1180 5508 Σαλώμης
1196 5460 1220 5492 τ.
1234 5437 1408 5508 ειμἸωσηφ)
1426 5441 1517 5497 simile
1533 5457 1567 5498 ex
1580 5441 1644 5497 cod.
1661 5441 1732 5516 Reg.
1744 5443 1854 5512 „1296.“
1872 5445 1902 5499 in
1913 5443 2013 5502 Monu-

368 5523 471 5578 mentis
484 5523 651 5595 apostolicis
666 5521 826 5578 cotelerius
837 5522 966 5594 protulit,
978 5523 1044 5577 vide
1056 5525 1132 5594 apud
1144 5523 1319 5595 Basnagium
1330 5523 1348 5579 l.
1360 5524 1379 5578 l.
1391 5543 1418 5595 p.
1429 5525 1470 5579 32.
