5284 6620
2006 714 2047 782 89

401 942 447 984 σω
460 916 515 1001 πρὸ
530 921 579 1001 τῆς
594 916 729 1000 ζητῆσεοις
743 915 821 1001 λέγω,
836 912 880 982 σοὶ
894 919 999 1000 μᾶλλον
1014 915 1202 1000 προειλημμαι
1224 913 1360 982 καὶκατὰ
1374 921 1458 982 τοῦτο
1472 914 1594 1000 ἀγωνιᾶν
1609 913 1671 999 περὶ
1685 917 1751 1000 ἐμοῦ
1764 916 1813 983 ωἰκ
1827 916 1958 1002 ὀφείλεις,
1974 919 2048 986 ἄλλα

404 1045 528 1128 Πέτρος,
546 1039 590 1112 ὅτε
604 1042 694 1129 οἱκμῆν
709 1043 787 1124 αὐτῶ
800 1042 838 1109 τό
853 1043 967 1108 ε’ναντία
980 1047 1087 1126 φρονῶ
1109 1040 1177 1126 ὅπερ
1190 1041 1261 1124 μετὰ
1275 1041 1325 1126 τῆν
1338 1042 1470 1127 όμετέραν
1486 1043 1593 1126 ζῆτησιν
1608 1043 1709 1122 ελπίζω
1722 1045 1881 1129 φιλαλήθης
1894 1043 1935 1111 ῶν
1948 1047 2047 1132 κριτῆς,

403 1171 544 1254 πρόληψιν
566 1171 789 1256 ἀποδυσάμενος,
812 1177 852 1252 τῶ
875 1171 1065 1255 ε’ποιρατοῦυτι
1082 1171 1245 1236 συνθέσθαι
1261 1170 1353 1254 λόγωι.
1389 1175 1481 1236 ταῖπα
1498 1175 1548 1236 τού
1567 1169 1676 1254 πατρὸς
1694 1170 1819 1246 είπύντος
1835 1171 1923 1256 ῆρέμα
1940 1175 1992 1258 βοῆ
2008 1202 2050 1249 τις

404 1299 520 1364 ἐπαίνου
534 1298 564 1362 εἐι
578 1303 635 1363 τῶν
648 1297 738 1382 όχλων
753 1299 857 1384 ἐγένετο
872 1295 917 1363 ε’πῖ
931 1303 971 1378 τῷ
987 1295 1075 1371 ούτως
1089 1296 1137 1364 τὸν
1151 1299 1261 1380 πατέρα
1276 1302 1465 1382 διαλεχθῆναι.
1510 1296 1559 1362 19.
1582 1295 1645 1362 Καὶ
1659 1294 1734 1381 ὅμως
1748 1296 1763 1366 ὁ
1779 1300 1890 1382 Πέτρος
1903 1301 1936 1366 τό
1950 1303 2050 1368 ἑαυτοῦ

404 1423 466 1509 περὶ
480 1429 552 1491 θεοῦ
566 1425 680 1502 έξέθετο
701 1425 841 1510 φρόνημα·
864 1422 1021 1490 καὶπολλὰ
1040 1421 1102 1508 περὶ
1120 1427 1274 1508 μοναρχίας
1292 1422 1450 1508 διαλεχθείς
1466 1423 1537 1508 μετὰ
1556 1425 1694 1508 δακρύων,
1716 1429 1750 1508 τῆ
1768 1423 1836 1510 χειρὶ
1853 1433 2050 1510 προσεκαλεῖτο

404 1553 470 1627 τοὺς
488 1551 597 1637 ὄχλους·
620 1553 662 1628 οίς
679 1557 868 1635 προσελθοῦσι
887 1553 940 1626 τὰς
955 1563 1052 1636 χεῖρας
1071 1549 1205 1626 ἐπιτιθεῖς
1225 1547 1300 1638 (καὶ)
1323 1551 1466 1636 εύχόμενος
1484 1552 1635 1634 παρεκάλει
1656 1552 1779 1628 πάντας,
1801 1551 1848 1618 καί
1869 1553 2051 1640 εύλογῆσαμεν

405 1677 531 1754 ἅπαντες
537 1679 587 1746 τόν
593 1679 671 1748 θεόν.
694 1679 745 1746 20.
759 1679 961 1764 Ὗπεισέδραμε
973 1681 1006 1744 δέ
1012 1706 1054 1752 τις
1063 1681 1149 1764 λέγων
1159 1680 1356 1764 πρὸςΣίμωνα
1366 1679 1497 1745 Ἀππίων
1507 1677 1523 1746 ό
1532 1681 1730 1763 Πῖειστονύιης
1744 1679 1975 1766 σύνἈννουβίωνι
1987 1677 2051 1767 ῆκεν

404 1807 509 1892 ἀρτίως
531 1807 589 1875 ἀπὸ
602 1807 781 1892 Ἀντιοχείας.
814 1805 862 1872 καί
876 1812 967 1873 ταῦτα
982 1805 1106 1880 οἰκούσας
1119 1809 1217 1891 Σίμων
1230 1807 1337 1880 εὐθέως
1351 1807 1453 1890 ἐξῆλθε
1465 1811 1515 1872 τού
1529 1805 1726 1882 ὑποδέξασθαι
1740 1807 1848 1882 αύτούς.
1883 1807 1899 1874 ό
1915 1806 1943 1873 δὲ
1957 1809 2051 1896 πατὴρ

406 1935 531 2008 ἀκούσας
549 1933 597 2000 καὶ
614 1931 710 2018 χαρεὶς
729 1935 780 2018 ἔφη
794 1939 834 2014 τῶ
850 1935 964 2018 Πίτρωι
976 1931 1018 1998 Εἴ
1025 1961 1071 2018 μοι
1085 1935 1247 2018 έπιτρύεεις,
1266 1933 1417 2018 πορεύομαι
1430 1932 1508 2018 κόγῶ
1522 1933 1754 2017 προσαγορεύσαι
1766 1933 1917 2002 Ἀππίοινα
1930 1935 1978 2002 καὶ
1990 1937 2051 2003 ’As

406 2065 558 2148 νουβίωνα,
574 2062 603 2126 ἐκ
617 2062 728 2144 πραότης
742 2060 848 2144 ῆλικεάς
861 2063 960 2146 φίλους
972 2088 1019 2145 μω
1032 2063 1231 2145 γεγενημένους·
1250 2061 1333 2145 τυχόν
1349 2057 1434 2145 (cod.
1448 2056 1529 2146 χῶν)
1545 2059 1599 2144 χεὶρ
1611 2061 1799 2145 Ἀννουβιωνα
1812 2064 1900 2128 πείσω
1914 2062 2053 2149 Κλῆμεντι

407 2195 589 2273 διαλεχθῆναι
595 2186 658 2272 περὶ
666 2189 803 2273 γενέσεως.
830 2188 881 2252 21.
900 2187 971 2254 καλό
981 2188 1259 2274 ΠεπροςἘπιτρύιω,
1275 2189 1334 2272 ἔφη,
1350 2184 1397 2252 καὶ
1409 2188 1514 2252 ἐπαινῶ
1524 2187 1562 2252 τοὶ
1572 2189 1662 2271 ocor
1673 2214 1705 2254 σε
1718 2193 1876 2272 πληρούντα
1888 2192 1967 2276 μέρη·
1981 2193 2053 2278 πλῆν

407 2317 492 2384 εἰνόει
509 2343 556 2398 μοι
574 2315 614 2389 ῶς
633 2315 708 2382 κατοὶ
726 2315 860 2400 πρόνοιαν
878 2320 950 2382 θεοῦ
968 2316 1152 2400 πανταχόθεν
1170 2318 1307 2400 συντρέχει
1324 2314 1363 2380 τὰ
1380 2314 1451 2398 πρὸς
1470 2313 1520 2398 τῆν
1538 2313 1589 2397 σῆν
1608 2317 1810 2400 πληροφορίαν,
1833 2317 1935 2383 οἰκείαν
1954 2319 2053 2386 ἀποτε

406 2449 510 2512 λοῦντα
523 2443 574 2528 τῆν
588 2441 731 2527 ἁρμονίαν.
757 2448 839 2508 τοτ’πο
854 2441 884 2508 δέ
898 2443 975 2508 εἶπον
989 2443 1035 2508 διὰ
1049 2443 1099 2528 τῆν
1112 2443 1311 2529 Ἀινουβίωνος
1323 2445 1462 2528 χρησίμοις
1476 2467 1520 2508 σοι
1534 2443 1675 2526 γενομένην
1690 2443 1841 2526 ε’πιδημεάν.
1867 2441 1915 2509 καί
1929 2445 1945 2513 ὁ
1959 2448 2052 2532 πατῆρ

408 2571 460 2655 ἔφη
473 2571 607 2654 Ἀληθῶς
621 2574 728 2653 συνορῶ
743 2575 825 2636 τούτο
839 2567 928 2644 ούτως
942 2569 1011 2654 ἔχον.
1041 2569 1088 2636 καὶ
1103 2575 1193 2636 ταῦτα
1207 2570 1293 2636 είπῶν
1308 2569 1446 2654 ἐπορεύθη
1461 2567 1532 2652 πρὸς
1546 2571 1672 2652 Σιμωνα.
1714 2569 1763 2632 22.
1792 2597 1830 2634 κα

408 2725 470 2764 ωνα
483 2695 532 2763 κατ’
545 2697 742 2782 Ἀννουβίωνα,
756 2698 985 2781 προσαγορεύσας
999 2699 1100 2772 αύτούς
1115 2699 1271 2781 ε’καθέσθη.
1297 2696 1313 2763 ὁ
1328 2695 1357 2762 δὲ
1371 2701 1469 2780 Σίμων
1484 2696 1608 2770 ἀκούσας
1621 2697 1841 2780 ἐπιδημήσαντας
1854 2725 1933 2774 τινας
1946 2701 1975 2765 sin
1989 2727 2054 2786 προ

408 2829 514 2910 σταγῆς
528 2829 670 2910 βασιλικῆς
684 2823 880 2908 έπιζητοῖντας
894 2826 988 2901 αὐτόν,
1002 2824 1050 2892 καί
1063 2826 1226 2910 φάσκοντας
1239 2824 1345 2890 καθότι
1357 2831 1476 2908 Καῖσαρ
1490 2823 1609 2896 πολλοὺς
1621 2824 1726 2908 μάγους
1740 2824 1846 2890 ἀνελεῖν
1859 2823 1907 2890 καῖ
1921 2826 1959 2892 τοὶ
1978 2831 2054 2894 κατὰ

410 2951 459 3019 τόν
473 2955 592 3036 Σίμωνα
606 2951 713 3035 μαθὼν
727 2954 766 3024 είς
780 2951 934 3036 ε’πιζέμησιν
949 2953 1034 3020 αι’πού
1049 2954 1186 3038 ἐπεμψεν,
1205 2949 1283 3025 ὅπως
1296 2950 1344 3017 καὶ
1359 2950 1444 3017 αύτδν
1458 2949 1498 3024 ῶς
1510 2947 1558 3016 καὶ
1572 2950 1637 3024 τοὺς
1650 2950 1705 3035 πρὸ
1721 2951 1807 3018 atro&
1819 2953 1925 3038 μάγους
1938 2956 2053 3039 κολάση,

410 3079 481 3164 πρὸς
493 3075 648 3145 Ἀππύυνα
662 3076 711 3144 καί
727 3078 916 3164 Ἁννουβιύννα
937 3080 988 3164 ἔφη
1014 3081 1149 3148 Φαύστου
1170 3080 1241 3163 πρὸς
1254 3079 1328 3164 ῆμᾶς
1342 3079 1489 3154 ἐλθόντος,
1509 3077 1586 3143 ἁλῶν
1600 3077 1686 3144 αι’ντὸν
1699 3090 1897 3165 συμμετασχεῖν
1915 3080 1978 3165 ἡμῖν
1996 3107 2054 3148 ποι-

408 3208 507 3292 ῆσατε·
530 3205 583 3292 ε’γῶ
602 3203 632 3271 δὲ
649 3205 734 3289 μύρόν
754 3200 829 3290 (sic)
851 3233 878 3272 τε
895 3208 1036 3282 σκευάσω,
1059 3207 1105 3273 ἵνα
1123 3207 1271 3291 δεεπιῆσας
1289 3204 1336 3272 καὶ
1355 3205 1507 3292 ἀναλαβεῖν
1522 3204 1554 3272 τὸ
1570 3201 1637 3270 ἴδιον
1649 3207 1749 3288 χρίσας
1762 3206 1913 3290 πρόσωπον
1926 3209 1976 3294 τῆν
1990 3209 2055 3294 ε’μῆν

410 3341 497 3401 πᾶσιν
511 3335 580 3418 ἔχειν
594 3333 661 3416 δόξη
675 3333 790 3417 μορφήν.
833 3332 884 3396 23.
907 3331 955 3398 καῖ
969 3339 1019 3400 τού
1032 3337 1161 3418 Σίμωνος
1174 3340 1266 3400 ταῦτα
1280 3333 1548 3406 είπόντοςἈππίων
1571 3330 1618 3398 καὶ
1630 3331 1797 3417 Ἀννουβίων
1816 3334 1867 3418 ἔφη
1892 3338 1932 3402 Τί
1946 3331 1994 3404 οἶν
2012 3363 2056 3404 σοι
2099 3403 2101 3408 .
2133 3382 2137 3392 .

411 3463 441 3528 έν
454 3467 504 3546 τῆς
517 3466 640 3545 μηχανῆς
654 3460 757 3542 ταύτης
770 3464 848 3526 ἔσται
867 3463 977 3544 κέρδοςς
1001 3459 1049 3526 καὶ
1067 3461 1083 3529 ὁ
1099 3464 1197 3546 Σίγειον
1217 3461 1268 3546 ἔφη
1292 3465 1415 3545 Πρῶτον
1431 3457 1481 3543 μὲν
1500 3459 1682 3545 συλλαβόντες
1701 3459 1786 3527 αὐτὸν
1805 3461 1831 3526 οί
1849 3459 1894 3544 ε’μέ
1915 3466 2056 3548 ζητοῦντες

462 3646 503 3700 19.
515 3649 572 3698 Καὶ
582 3643 651 3714 ὅμως
665 3677 677 3689 -
686 3676 702 3685 -
713 3649 778 3697 ἐπει.
790 3647 833 3698 καῖ
845 3642 912 3715 (1100
925 3644 954 3698 in
968 3644 1030 3698 cod.
1042 3649 1109 3716 post
1120 3645 1199 3699 addi·

410 3738 471 3786 tum
491 3731 546 3802 cst)
562 3729 616 3795 εὐχ.
633 3761 650 3771 -
666 3761 683 3770 -
699 3727 745 3780 τὸν
761 3729 840 3782 osor:
858 3728 894 3783 sb
912 3728 956 3782 his
975 3728 1099 3784 discedit
1115 3729 1199 3785 Hom.

411 3821 505 3870 textus
523 3815 571 3880 (of.
584 3814 668 3882 XVI,
685 3813 733 3882 6.),
753 3813 803 3868 scd
820 3813 965 3867 consentit
979 3813 1126 3884 Epitome,
1142 3813 1199 3868 nisi

412 3900 490 3973 quod
501 3898 569 3970 μετὰ
581 3902 653 3968 δακρ.
668 3905 696 3952 et
707 3919 731 3951 τ.
739 3907 804 3969 χεῖρ.
815 3919 842 3951 τε
855 3903 972 3952 ἐπετίθει
984 3903 1027 3952 καῖ
1041 3897 1102 3970 ιἰπέρ
1113 3897 1200 3953 αότῶν

411 3985 517 4054 ηὔχετο·
533 3989 577 4039 καῖ
589 3983 656 4054 ὁμοῖν
667 3984 745 4036 πάντ.
757 3983 809 4036 εύλ.
820 4005 844 4037 τ.
858 3991 887 4037 θ.
900 3982 996 4039 habet.

462 4071 504 4124 20.
516 4069 593 4140 Epit.
608 4101 625 4112 -
641 4101 657 4111 -
671 4067 764 4146 vinonio.
779 4067 793 4122 ό
806 4073 868 4138 Σίμ.
882 4072 970 4128 ἐέεεσιν
985 4068 1081 4129 εὐθέως
1094 4068 1126 4129 ῶς
1136 4069 1198 4130 τούς

411 4159 557 4225 εἰρημένους
569 4152 765 4224 ύποδεέόμενος.
782 4153 865 4209 Hom.
879 4153 948 4223 XX,
962 4155 1002 4207 11.
1015 4153 1158 4209 consentit
1169 4155 1198 4209 in

412 4239 508 4294 vorbis
521 4237 692 4310 ιἰπεισέδραμέ
702 4259 741 4299 τις
752 4256 845 4312 usquo
857 4238 912 4293 ἀπὸ
921 4239 999 4303 ’Am
1012 4239 1050 4294 ad
1063 4257 1137 4312 quas
1150 4240 1199 4294 cd·

414 4324 456 4378 dit
464 4328 508 4378 καῖ
516 4327 639 4387 ξενίζεται
647 4323 833 4396 παρόΣέμανε.
851 4323 925 4378 Tum
935 4340 1002 4379 vcro
1011 4341 1108 4378 rursus
1115 4325 1199 4379 Hom.

413 4409 504 4480 magis
518 4425 603 4480 quom
613 4410 689 4480 Epit.
702 4426 766 4464 cum
778 4415 876 4464 nostro
890 4410 1043 4465 consentit:
1057 4442 1069 4453 -
1081 4441 1098 4452 -
1109 4408 1203 4463 ἀκοέσ.

412 4515 434 4547 κ.
444 4497 533 4564 χαρεὶς
543 4499 603 4565 (pro
617 4493 662 4549 his
670 4493 969 4564 Epitedmooostooiv)
982 4499 1030 4564 ἐφη
1042 4494 1199 4566 (Epitom.)

412 4611 428 4622 -
439 4613 452 4624 -
461 4583 575 4649 ἐπετρέπ.
582 4577 668 4649 (Epit
676 4579 742 4632 add.
749 4583 804 4648 ἐφη,
811 4579 881 4650 κεἰριέ
887 4583 949 4650 μου)
959 4599 1019 4650 πορ.
1026 4579 1095 4644 κόγεῖ
1105 4579 1201 4646 (Hom.

414 4683 476 4732 0111,
489 4663 631 4734 Ερὶῖ.κάγ.
643 4663 691 4718 σιἰν
702 4663 782 4732 αύτῷ)
792 4664 872 4719 Ἀππ.
885 4665 971 4736 (Epit
981 4666 1047 4720 add.
1059 4665 1098 4738 τε)
1108 4700 1122 4710 -
1132 4668 1202 4734 ὲμοε

414 4749 500 4820 (Epit
520 4750 564 4804 ed.
580 4754 642 4818 μου)
663 4769 781 4820 γεγενημ.
803 4750 889 4822 (Epit.
904 4751 1065 4820 γενομένους)
1086 4783 1102 4792 -
1119 4783 1136 4792 -
1150 4749 1201 4821 γὰρ

413 4835 499 4905 (Epic
510 4835 576 4888 odd.
588 4839 642 4900 sol)
654 4869 668 4880 -
681 4869 696 4880 -
711 4855 740 4888 π.
752 4855 804 4899 γεν.

464 4921 505 4974 21.
518 4919 723 4990 Ηοω.ε1Ερὶι.
734 4951 750 4961 -
760 4953 774 4964 -
786 4923 864 4982 φίλων
876 4939 904 4973 σε
919 4927 962 4984 (ex
975 4935 1069 4974 erroro
1080 4927 1113 4974 nt
1124 4919 1202 4974 vide·

414 5011 461 5058 tur
477 5004 576 5059 Dress.
591 5009 630 5071 τε)
649 5039 663 5050 -
680 5039 694 5050 -
710 5007 847 5074 ἐπιδημίαν
867 5005 952 5076 (Epit
970 5005 1033 5060 cod.
1051 5007 1203 5072 ἐπιτυχίαν).

414 5093 457 5142 καλ
473 5088 488 5141 ὁ
505 5109 569 5143 παι.
582 5093 629 5161 ἔφη
647 5089 732 5159 (Epis.
744 5095 812 5160 post
820 5089 914 5158 Ἀληθ.
931 5089 1025 5160 ponit,
1042 5089 1125 5146 Hom.
1138 5096 1201 5156 om.)

415 5178 515 5245 συνορῶ
526 5173 685 5246 (Ερὶλκιῖγιδ
694 5179 790 5245 συνορ.)
800 5195 824 5228 τ.
831 5173 911 5234 οὕτως
918 5174 1004 5245 (Epic
1011 5173 1112 5236 οίπωσί,
1119 5174 1203 5231 Hom.

415 5266 481 5324 om.)
494 5291 510 5302 -
520 5291 537 5302 -
548 5279 593 5330 πρ.
605 5265 668 5332 Σέμ.
680 5259 736 5326 (his
746 5259 805 5314 exit
816 5259 900 5315 Hom.
911 5260 977 5326 XX,
992 5259 1042 5324 11.)

466 5347 507 5398 22.
524 5345 613 5416 Epic
634 5379 647 5390 -
663 5377 679 5388 -
694 5344 775 5399 Ἀππ.
789 5365 817 5398 τε
834 5349 878 5398 καῖ
891 5347 957 5398 'Arr-
973 5347 1016 5397 καῖ
1031 5362 1144 5414 προσαγ.
1156 5375 1172 5386 -
1187 5376 1203 5387 -

414 5429 580 5499 ἐπιδημήσειν
588 5431 660 5491 τινός
673 5463 687 5477 ·
698 5463 715 5473 -
726 5429 828 5494 ἀνελών,
841 5430 898 5484 εἶτα
909 5434 952 5483 καῖ
961 5429 996 5484 τό
1006 5429 1073 5482 κατὰ
1078 5433 1142 5500 Σίμ.
1150 5447 1205 5483 πυ-

415 5515 531 5584 θόμενος
542 5517 590 5582 (al.
602 5516 710 5586 μισθῶν)
722 5549 763 5560 --
774 5520 906 5587 πέμψειεν,
919 5514 963 5569 όπ.
973 5537 995 5568 κ.
1009 5537 1035 5568 α.
1048 5513 1143 5585 ὁμοίως
1157 5515 1203 5582 (al.

1272 3661 1336 3698 cum
1348 3643 1459 3715 nostro)
1470 3641 1577 3713 κολάσῃ,
1589 3641 1751 3712 πρἈννοιηῖ.
1760 3643 1867 3698 κἈππ.
1877 3649 1924 3716 ἐφη
1932 3649 2057 3701 Φαῦστον

1270 3749 1300 3782 π.
1315 3727 1340 3797 ῆ.
1351 3727 1466 3782 ἐλθόντα
1482 3735 1623 3796 μετασχεῖν
1641 3725 1710 3780 εἱλεῖν
1729 3731 1855 3798 ποιῆσατε
1874 3729 1920 3783 σύν
1939 3729 1999 3801 ἡμῖν
2012 3766 2024 3775 -
2040 3765 2056 3774 -

1270 3813 1455 3868 κατασκευάσει
1470 3812 1516 3877 (al.
1532 3812 1661 3875 σκευάσω]
1680 3814 1722 3865 ίεα
1739 3817 1762 3866 δ.
1778 3835 1801 3868 κ.
1818 3813 1992 3884 ἀλειψάμενος
2008 3817 2056 3887 (ελ.

1271 3917 1335 3954 cum
1347 3903 1455 3962 nostro)
1464 3928 1501 3940 --
1512 3901 1580 3952 πᾶσι
1592 3898 1645 3957 tot.
1658 3902 1694 3964 ἐχ.
1705 3918 1786 3970 μορφ.
1806 3899 1980 3957 InHom.cf.
1990 3901 2055 3970 XX,

1272 3985 1311 4039 16.
1324 3981 1437 4052 ἀκηκοὼς
1448 3983 1614 4052 ἐπιδημῆσειν
1625 3987 1712 4036 ποθέν
1722 4004 1794 4042 τινας
1806 3985 1925 4038 ἐνταῦθα
1935 3989 1968 4057 τῆ
1976 3988 2055 4040 Λαο-

1270 4072 1351 4136 δικείᾳ
1361 4075 1387 4121 ἐκ
1403 4071 1555 4139 προσταγῆς
1569 4071 1702 4136 βασιλικῆς
1717 4069 1857 4136 ζητοῦντας
1871 4066 1969 4134 αὐτόν,
1987 4073 2055 4125 item

1270 4153 1341 4221 XX,
1354 4154 1394 4209 13.
1410 4157 1455 4206 καῖ
1471 4155 1554 4221 ζητεῖν
1574 4153 1655 4208 αὐτόν
1675 4153 1818 4216 φάσκοντος
1836 4154 1935 4210 καθότι
1950 4160 2057 4228 Καῖσαρ

1271 4241 1384 4298 πολλούς
1397 4239 1500 4308 μα’γους
1513 4238 1608 4292 όνελιίεν
1623 4244 1667 4292 καῖ
1680 4238 1716 4292 τό
1732 4238 1787 4292 ιιατΙ
1806 4239 1886 4293 αὐτόν
1901 4241 1999 4310 μαθιύν
2015 4247 2057 4312 δμέ

1272 4329 1315 4378 ἐπῖ
1322 4323 1369 4392 τῆν
1381 4323 1463 4377 αὐτοῦ
1475 4323 1578 4392 ζήτησιν
1588 4328 1714 4392 ἐπεμψεν,
1731 4323 1801 4384 ὅπως
1819 4330 1873 4380 etc.
1886 4326 1924 4380 ad
1940 4327 2058 4382 verbum

1274 4409 1418 4465 consentit
1428 4425 1520 4481 usquc
1532 4409 1637 4481 κολάσῃ.
1653 4408 1877 4480 Βωκεοεεῖ.ΧΧ,
1888 4411 1928 4465 16.
1944 4413 2057 4480 Φαύστῳ

1272 4497 1299 4549 δέ
1314 4495 1415 4549 εἰσιόντι
1429 4493 1475 4547 τόν
1495 4495 1560 4547 ῖδιον
1581 4495 1670 4564 θυμόν
1689 4493 1848 4565 [ἐπίστρεφε]
1870 4492 1957 4566 φῆσαι
1977 4495 2057 4557 οὕτως

1272 4579 1337 4651 πρός
1356 4577 1425 4650 ἡμᾶς
1443 4577 1524 4632 Ἁλῶν
1544 4578 1626 4634 αι’σόν
1647 4579 1761 4634 ἐλθόντα
1784 4589 1977 4650 συμμετασχεῖν
1998 4581 2058 4652 ύμῖν

1272 4667 1409 4734 ποιήσατε·
1422 4664 1469 4730 troi
1482 4668 1508 4718 δέ
1519 4665 1602 4735 μύρον
1612 4685 1638 4717 τε
1648 4665 1773 4730 σκευοίσυ,
1786 4668 1829 4719 ίνα
1841 4669 1864 4719 δ.
1874 4687 1896 4719 κ.
1908 4666 1941 4718 οἷν
1952 4686 1978 4718 τι
1989 4673 2057 4730 (0111·

1273 4752 1342 4806 nino
1352 4767 1386 4806 ex
1393 4755 1490 4805 nostro
1501 4748 1613 4820 corrige
1622 4751 1662 4814 τὸ)
1669 4753 1703 4803 tt.
1711 4769 1754 4821 χρ.
1764 4769 1810 4820 πρ.
1823 4756 1877 4806 etc.
1889 4750 1927 4804 ad
1939 4750 2058 4805 verbnm

1275 4835 1419 4892 consentit
1429 4850 1521 4906 usque
1534 4834 1603 4894 δόξει
1615 4833 1665 4900 (ita
1676 4835 1738 4905 ipsc
1751 4835 1851 4902 codex)
1863 4835 1976 4906 μορφήν.

1324 4920 1366 4975 23.
1384 4919 1473 4990 Epit.
1486 4951 1499 4962 ·
1512 4953 1524 4962 -
1537 4923 1601 4982 φασὶ
1611 4919 1676 4990 πρός
1687 4919 1768 4974 αὐτόν
1776 4923 1833 4974 Καὶ
1843 4926 1872 4973 τί
1881 4921 1935 4991 ἄρα
1946 4939 1989 4974 σοι
2000 4926 2057 4992 κίρ-

1274 5009 1319 5066 δος
1335 5004 1390 5058 ἀπό
1405 5008 1452 5075 τῆς
1466 5025 1530 5073 m.
1547 5009 1619 5060 ἐσται
1635 5003 1747 5073 ταύτης,Ι
1766 5037 1784 5048 -
1798 5037 1815 5048 -
1830 5009 1951 5060 καταλιπ.
1967 5008 2058 5077 Πίτρρ

1274 5089 1527 5162 προσπεφοιτηκασεν
1535 5089 1582 5156 (sl.
1593 5106 1657 5143 cnm
1666 5095 1783 5156 nostro).
1799 5090 1834 5144 In
1843 5089 1936 5146 Hom.
1947 5089 1983 5146 of.
1993 5090 2058 5160 XX,

1276 5176 1316 5230 17.
1329 5180 1424 5228 ἐκείνου
1437 5179 1463 5228 δέ
1474 5178 1560 5228 ταῦτα
1571 5178 1742 5245 προλίχοντος
1753 5179 1814 5244 ἔφην
1831 5181 1867 5228 Τί
1875 5178 1919 5229 νῦν
1935 5176 2057 5248 (corrige

1276 5277 1310 5316 ex
1322 5265 1421 5315 nostro
1434 5250 1491 5331 ούν)
1503 5279 1546 5314 σοι
1556 5265 1581 5312 ἐκ
1593 5263 1639 5327 τῆς
1650 5261 1750 5314 τοιαύτ.
1761 5263 1880 5332 μηχαέστῖ
1890 5260 2012 5332 (corrige
2024 5277 2058 5316 ex

1275 5351 1373 5402 nostro
1390 5349 1470 5412 ἐσται)
1487 5348 1590 5415 κέρδος,Ι
1611 5345 1705 5399 Etiam
1721 5345 1833 5418 reliqna
1848 5346 1936 5416 plano
1957 5362 2058 5400 convc-

1276 5429 1371 5498 niunt3
1385 5429 1897 5502 0111011101προσφυγόντ[εςτρῖέῖέτρρ]
1911 5450 2010 5502 συνερχ.
2023 5447 2058 5486 ex

1276 5519 1374 5571 nostro
1388 5513 1599 5571 confirmantur.

1724 5641 1754 5688 12
