5244 6618
1243 697 1422 762 CODICES
1444 698 1611 760 GRAECI.

717 901 752 992 2)
779 903 1013 989 Fragmentum
1042 899 1189 987 psalterii
1217 901 1441 988 antiquissimi.
1502 900 1670 987 Scriptura
1698 897 1916 987 pulcherrima
1945 907 1995 963 est
2024 906 2056 962 et
2086 895 2248 962 simillima

614 1031 734 1099 celebri
755 1029 862 1096 codici
879 1029 1038 1094 Vaticano
1053 1027 1171 1094 Dionis
1193 1027 1309 1112 Cassii,
1332 1027 1508 1094 initialibus
1530 1026 1645 1092 litteris
1667 1025 1763 1114 plane
1782 1025 1944 1092 destituta.
1987 1025 2124 1090 Videtur
2143 1023 2248 1111 quarti

612 1159 665 1226 vel
687 1167 774 1224 certe
790 1159 893 1244 quinti
908 1155 1029 1221 saeculi
1044 1179 1127 1222 esse.
1172 1153 1324 1222 Continet
1338 1155 1393 1220 Ps.
1416 1156 1475 1219 141
1493 1151 1556 1241 (2),
1581 1153 1672 1219 t-e.
1693 1153 1754 1218 142
1770 1150 1836 1242 (3),
1860 1151 1951 1218 1-3.
1968 1153 2029 1218 144
2044 1149 2110 1238 (5),
2134 1151 2245 1216 7-13.

614 1288 737 1352 Textus
760 1285 997 1350 stichometrice
1020 1283 1159 1370 scriptus
1185 1291 1250 1366 est,
1276 1291 1509 1370 praetereaque
1530 1281 1574 1346 ad
1594 1283 1773 1365 marginem
1793 1279 1911 1368 psalmi
1934 1279 2004 1344 144.
2026 1278 2151 1364 reliqua
2174 1285 2248 1343 sunt

613 1415 751 1498 vestigia
773 1411 989 1477 distinctionis
1010 1431 1091 1496 quae
1116 1409 1203 1496 quod
1223 1411 1324 1474 sciam
1343 1409 1472 1475 aliunde
1496 1431 1561 1474 non
1584 1410 1731 1474 innotuit.
1781 1407 1977 1495 Appositum
1998 1399 2248 1492 1111111111]ἧῦ

614 1542 657 1608 ad
683 1539 785 1608 verbe.
811 1567 954 1624 οιιιτιρμων
978 1565 1026 1604 και
1050 1543 1180 1622 ὥρμων,
1206 1531 1270 1604 aad
1290 1537 1332 1602 ad
1353 1541 1672 1622 εξομολογρσασθωσαν,
1696 1528 1760 1622 pap
1779 1535 1822 1601 ad
1843 1529 1932 1614 δοξαν
1949 1563 1998 1619 της
2017 1539 2247 1620 metonomice,

616 1661 764 1757 [111111δῆ
789 1667 831 1733 ad
852 1692 901 1732 τοο
922 1691 1059 1751 γνωρισαι.
1109 1664 1149 1729 In
1167 1666 1239 1750 ipso
1262 1673 1354 1728 textu
1374 1662 1469 1750 plura
1486 1665 1597 1730 insunt
1612 1661 1783 1748 diligenter
1798 1661 2011 1728 observanda.
2057 1659 2247 1748 Cujusmodi

614 1807 664 1862 est
685 1795 854 1882 inscriptio
875 1792 993 1879 psalmi
1009 1791 1083 1856 142:
1109 1797 1223 1875 ψαλμος
1248 1819 1288 1856 τω
1309 1791 1408 1856 δανειά
1434 1817 1480 1858 ore
1503 1818 1587 1856 αοτον
1609 1797 1717 1855 eburnea
1740 1785 1816 1876 (sic)
1840 1789 2012 1876 αβεσσωίωμ
2039 1815 2133 1862 ουτος
2154 1815 2246 1854 αοτοο.

616 1923 755 1990 Codices
770 1921 844 1987 vat.
860 1927 892 1985 et
905 1917 999 1984 Alex.
1015 1919 1063 1984 sie
1076 1917 1211 1983 habent:
1236 1924 1349 2002 ψαλμος
1362 1944 1403 1984 τω
1417 1909 1472 1984 dud
1485 1943 1530 1984 οτε
1545 1943 1629 1982 aoros
1644 1944 1660 1982 ο
1672 1945 1730 1992 νιος
1743 1923 1900 1983 κατεδιωκει
1915 1913 2022 2002 (Alex.
2037 1912 2150 2002 ·ιωξεν).

718 2047 752 2138 3)
777 2046 927 2115 Soidulae
942 2045 1024 2117 duae
1041 2043 1276 2132 compingendo
1293 2043 1399 2110 codici
1412 2042 1554 2109 Arabico
1569 2042 1742 2126 adhibitae,
1765 2019 1887 2108 codicis
1903 2043 2047 2108 eiusdem
2064 2043 2155 2129 cujus
2171 2041 2249 2106 folia

614 2187 765 2267 quattuor
780 2199 800 2241 a
813 2199 865 2241 me
881 2173 971 2240 1844.
989 2195 1030 2238 ex
1046 2173 1168 2238 oriente
1184 2171 1280 2236 allata
1294 2173 1328 2236 in
1342 2169 1538 2236 bibliotheca
1553 2171 1770 2236 universitatis
1780 2171 1871 2256 Lips.
1886 2171 2105 2254 insigniuntur
2118 2169 2247 2234 nomine

615 2305 737 2372 codicis
757 2301 930 2368 Tischend.
950 2299 987 2383 Ι.,
1011 2323 1083 2364 cum
1108 2297 1258 2364 faosimili
1280 2321 1369 2364 ame
1391 2297 1478 2364 edita
1496 2299 1530 2362 in
1543 2296 1760 2362 Monumentis
1782 2321 1864 2362 sacr.
1883 2296 2023 2360 ineditis.
2068 2296 2249 2383 Supersunt

613 2437 647 2499 in
664 2433 715 2498 his
738 2429 871 2495 scidnlis
890 2449 1005 2492 versus
1026 2427 1152 2508 decem,
1177 2447 1313 2512 quorum
1337 2426 1477 2512 quinque
1500 2423 1541 2488 ad
1560 2422 1743 2506 1111111112,
1765 2423 1897 2488 17-19.
1919 2426 2059 2510 quinque
2076 2423 2118 2488 ad
2132 2421 2245 2486 Matth.

615 2563 663 2644 12,
678 2557 803 2624 23-25
817 2557 987 2643 pertinent.
1032 2552 1160 2618 Saeculi
1174 2561 1210 2618 ut
1223 2552 1351 2617 videtur
1365 2551 1502 2636 septimi.

718 2684 753 2772 4)
779 2685 1012 2770 Fragmentum
1035 2681 1142 2767 operis
1165 2678 1334 2745 cuiusdam
1356 2678 1530 2766 patristici,
1554 2679 1713 2764 scriptura
1735 2677 1875 2763 eleganti
1897 2679 2003 2742 octavi
2027 2677 2094 2742 fere
2118 2677 2246 2742 sacculi.

616 2817 697 2883 Sunt
710 2833 825 2878 versus
846 2809 1073 2896 quadraginta;
1095 2807 1191 2894 primi
1207 2807 1254 2872 sic
1272 2805 1404 2888 habent,
1420 2805 1524 2892 plenis
1544 2805 1662 2870 additis
1682 2804 1868 2870 accentibus
1885 2813 1917 2868 et
1932 2805 2097 2891 spiritibus
2114 2828 2249 2892 quorum

614 2938 760 3008 nonnihil
789 2938 895 3002 deest:
927 2929 1044 3022 [β11β11ῳ
1070 2935 1324 3019 ἀναγινωσκομένω·
1354 2933 1383 2998 ἐκ
1410 2933 1463 3018 γὰρ
1489 2938 1545 2998 τῶν
1566 2935 1716 3017 λεγομένων
1741 2930 1911 3016 ὠφεληθεὶς,
1941 2931 2124 2998 111νασαικα1
2148 2932 2248 3005 liliosa

615 3073 796 3152 νουθετῆσαι·
818 3066 849 3130 τί
866 3063 925 3147 γὰρ’
949 3063 1032 3128 πλέον
1054 3063 1121 3146 ἔχεις
1141 3059 1244 3144 crept
1267 3062 1463 3144 συναχθέντος,
1486 3057 1555 3126 ὅταν
1575 3057 1839 3144 calciamiris
1857 3060 2002 3144 άιρὸασιν,
2023 3047 2152 3142 ἀνιάθρς
2167 3057 2249 3142 μηδὲν

614 3197 744 3282 χρήσιμον
762 3190 941 3274 κτησάμενος·
964 3187 1037 3254 atta
1055 3187 1211 3272 θαυμάζων
1224 3185 1273 3270 μὲν
1287 3187 1325 3252 τά
1339 3188 1472 3270 εἰρημένα.
1486 3185 1568 3270 μηδὲν
1582 3185 1612 3252 di
1626 3188 1718 3252 αὐτῶν
1732 3186 1957 3270 διαμνημονείων.
2000 3185 2083 3250 Item
2099 3187 2247 3250 extremi:

616 3325 694 3395 οάνες
719 3322 809 3386 aarum
834 3321 925 3383 ταῦτα
950 3313 997 3383 καὶ
1015 3316 1137 3400 γρργόρει
1154 3314 1241 3398 ψυχή’
1263 3314 1384 3396 μάλιστα
1399 3314 1457 3398 γάρ’
1479 3312 1495 3380 ὁ
1515 3313 1735 3398 ἀποταξάμενος,
1758 3313 1862 3380 τούτων
1881 3315 1970 3379 δέεται
1988 3319 2045 3379 τῶν
2062 3315 2248 3396 μαθημάτων,

616 3447 663 3516 καὶ
680 3447 800 3532 pallanta
819 3440 888 3510 ὅταν
905 3437 1174 3526 ν·1·ὀςτογχάνρ“**)
1197 3446 1279 3525 κηροῦ
1293 3441 1353 3524 γάρ’
1374 3442 1449 3524 δίκην
1468 3439 1597 3526 icipanda
1616 3470 1632 3524 ρ
1647 3443 1763 3516 διάνοια,
1782 3441 1889 3524 ταχέως
1908 3441 2107 3506 transactam
2126 3441 2154 3505 ir
2174 3441 2249 3519 αι’ντῷ

615 3577 653 3642 τά
671 3573 814 3658 λεγόμενα·
835 3569 883 3636 καὶ
895 3567 1140 3654 χειραγωγούμενος
1158 3569 1187 3634 ἐκ
1206 3572 1263 3634 τῶν
1276 3570 1425 3651 προοιμίων
1439 3567 1509 3652 πρὸς
1523 3565 1656 3649 αἴσθησιν
1670 3569 1782 3652 εὐλαβῆ,
1802 3570 1895 3648 πολλῷ
1912 3569 1994 3632 πλέον
2015 3566 2180 3650 προκόπτων
2201 3565 2250 3648 τὴν

613 3703 719 3786 ἡλιαίαν
740 3736 782 3746 -
801 3734 844 3744 ·-

721 3825 755 3912 5)
778 3826 976 3910 Fragmenta
998 3831 1105 3886 textus
1130 3821 1309 3905 evangelici
1331 3820 1409 3886 duo:
1442 3819 1577 3886 alterum
1601 3821 1715 3908 capitis
1740 3821 1766 3884 1.
1790 3821 1917 3902 Lucae,
1947 3819 2082 3884 alterum
2106 3841 2176 3906 cap.
2199 3820 2249 3884 20.

615 3953 779 4020 Matthaei.
825 3951 917 4032 Quae
940 3973 1038 4036 quum
1061 3949 1175 4014 eodem
1196 3947 1275 4012 folio
1298 3949 1419 4035 scripta
1438 3949 1511 4032 sint,
1533 3947 1670 4014 alterum
1689 3957 1789 4030 recto,
1813 3946 1949 4012 alterum
1968 3967 2073 4027 verse,
2097 3945 2139 4010 ad
2154 3969 2250 4011 evan-

616 4081 785 4166 geliarium
806 4079 1001 4166 pertinuisse
1023 4077 1181 4140 videntur.
1226 4075 1397 4161 Scriptura
1415 4097 1535 4139 nonum
1556 4073 1608 4140 vel
1632 4074 1792 4138 decimum
1814 4072 1977 4138 sacculum
1999 4073 2123 4159 prodit,
2146 4096 2251 4158 neque

617 4209 735 4273 desunt
754 4228 835 4292 quae
855 4205 985 4270 ad'rem
1004 4205 1148 4267 criticam
1168 4203 1301 4284 faciant,
1322 4210 1358 4266 ut
1376 4207 1508 4285 σοὶλρψει
1527 4200 1856 4284 11τιξ111111.1,31;
1879 4227 1924 4265 aar
1945 4229 1995 4267 τοο
2014 4207 2096 4284 loyca
2115 4227 2200 4266 αοτοο
2220 4209 2252 4264 11

616 4365 651 4420 μρ
667 4342 756 4419 φοβον
768 4361 857 4418 μαρια
870 4331 992 4396 ibidem
1005 4354 1036 4395 v.
1051 4330 1093 4393 29
1108 4338 1140 4393 11
1154 4328 1204 4392 30.

723 4457 757 4547 6)
780 4457 875 4524 Folia
893 4459 1034 4522 minutae
1054 4455 1177 4520 formae
1197 4453 1260 4518 duo
1280 4453 1393 4518 litteris
1414 4454 1519 4518 octavi
1538 4451 1591 4516 vel
1605 4453 1682 4516 noni
1697 4452 1817 4517 saeculi
1834 4455 2026 4540 conscripta.
2070 4453 2194 4518 Textus
2211 4453 2253 4518 ad

614 4589 751 4676 hymnos
766 4586 935 4670 liturgicos
950 4585 1098 4670 pertinet.

724 4713 756 4799 7)
779 4711 909 4778 Folium
923 4713 957 4774 in
971 4713 1018 4792 4⁰,
1040 4731 1118 4796 para
1134 4706 1342 4791 evangeliarii
1360 4706 1407 4770 10.
1424 4704 1475 4769 vel
1492 4707 1539 4770 11.
1557 4704 1687 4770 saeculi.

722 4839 755 4928 8)
778 4839 873 4905 Folia
894 4840 956 4903 tria
974 4837 1155 4902 minutioris
1175 4835 1313 4917 formae,
1336 4833 1450 4897 litteris
1465 4831 1645 4897 uncialibus
1660 4833 1791 4924 minutis
1808 4831 1972 4918 eleganter
1987 4835 2107 4919 scripta
2123 4831 2252 4897 saeculo

616 4971 685 5034 fere
701 4969 827 5034 decimo
843 4966 895 5031 vel
910 4963 1092 5029 undecimo.
1136 4963 1250 5027 lnsunt
1265 4961 1391 5046 integra
1405 4960 1545 5045 κεφάλαια
1559 4969 1653 5045 atque
1668 4958 1803 5032 ὑπόθεσις
1818 4959 1977 5044 evangelii
1991 4961 2111 5024 Lucae.

723 5181 744 5242 *t
764 5175 835 5231 Cum
853 5175 909 5230 hac
922 5175 1013 5230 forma
1025 5171 1228 5228 conferendum
1244 5175 1288 5226 est
1304 5165 1385 5239 17111,
1403 5169 1481 5242 quod
1492 5169 1521 5224 in
1533 5168 1673 5223 ieremias
1686 5167 1808 5222 Threnis
1820 5167 1850 5222 in
1862 5167 2009 5223 codicibus
2021 5167 2213 5222 Alexandrino
2227 5175 2255 5222 et

616 5261 947 5332 &idoneo-Angustam
959 5277 1011 5331 pro
1024 5261 1107 5329 λαμεδ
1118 5257 1253 5328 scriptum
1265 5261 1316 5311 est.

720 5395 753 5454 ”t
773 5387 840 5443 Jots
857 5403 997 5457 nusquam
1009 5387 1038 5440 in
1050 5383 1131 5439 libris
1143 5401 1208 5437 mss.
1220 5383 1323 5437 nostris
1336 5399 1390 5436 uec
1401 5381 1430 5434 in
1442 5381 1548 5434 unciali
1560 5381 1701 5450 scriptura
1712 5395 1765 5433 nec
1777 5381 1806 5432 in
1819 5379 1978 5433 minuscula
1993 5379 2183 5449 subscriptum
2197 5384 2253 5446 est3

617 5489 670 5527 nee
684 5473 774 5543 magis
787 5489 853 5528 vero
867 5471 1054 5540 adscriptum,
1074 5468 1199 5538 exceptis
1211 5467 1378 5538 fragmentis
1390 5465 1581 5536 palimpsestis
1593 5463 1793 5534 grammaticis,
1806 5464 1841 5518 de
1855 5463 1959 5534 quibus
1970 5462 2044 5517 infra
2056 5463 2174 5518 dicetur.
