5244 6618
399 1017 450 1078 τοῦ
468 1015 540 1077 θεοῦ
560 1008 715 1093 παρελθὼν
733 1005 781 1072 καί
799 1005 838 1072 τά
856 1004 919 1090 περὶ
933 1005 1031 1071 τούτου
1045 1005 1194 1089 ἀνενέγκας

400 1144 435 1222 τῇ
450 1138 527 1222 ἡμῶν
541 1136 706 1220 μετριότητι,
725 1137 888 1219 κατηγοροῦν
905 1133 1028 1216 μάλιστα
1041 1135 1091 1197 τοῦ
1105 1157 1194 1214 τιμιω

402 1265 490 1330 τάτου
512 1264 541 1329 ἐν
564 1262 751 1348 ίερομονάχοις
773 1263 866 1346 κυρίου
887 1266 918 1325 Γ
914 1261 1040 1345 ρηγορίου
1062 1263 1112 1324 τοῦ
1131 1267 1194 1323 Πα·

402 1397 498 1475 λαμά,
528 1391 640 1474 ἐζήτησε
660 1394 870 1474 μετακληθῆναι
894 1385 943 1452 καὶ
964 1385 1065 1460 αύτούς
1085 1386 1124 1459 είς
1145 1385 1195 1470 τὴν

403 1518 473 1584 καθ’
490 1517 564 1602 ἡμᾶς
578 1516 655 1602 ἱεράν
670 1515 718 1582 καί
729 1518 814 1582 θείαν
827 1515 952 1582 σύνοδον·
963 1515 1194 1598 μετακληθέντων

403 1649 495 1714 τοίνυν
510 1644 634 1729 ἐτέρανὸ
649 1644 796 1728 Βαρλαάμ
808 1643 952 1728 ἐτράπετο,
967 1641 1132 1725 ἀποφεύγων
1146 1638 1195 1706 καὶ

404 1772 628 1858 μηκαταπειθίγς
639 1769 711 1845 ὅλως
723 1770 861 1856 γενόμενος
873 1771 912 1844 είς
922 1769 972 1854 τὴν
979 1768 1093 1835 σύνοδον
1106 1768 1195 1834 ἀπαν

404 1905 488 1984 τῆσαι
505 1897 553 1964 καί
572 1911 631 1974 τοῖς
648 1908 864 1984 κατηγορηθεῖσι
881 1896 947 1980 παρ’
966 1896 1052 1962 αἰτοῦ
1064 1906 1196 1978 μοναχοῖς

405 2028 434 2101 ἐς
447 2025 546 2112 λόγους
562 2027 656 2092 ἐλθεῖν
675 2023 723 2092 καλ
738 2025 974 2107 ἀντικαταστῇναι
989 2025 1083 2096 αι’τοῖς
1097 2022 1138 2106 ἐφ’
1155 2021 1197 2096 οἷς

403 2156 465 2220 κατ’
488 2155 580 2220 αῦτοῦν
600 2151 810 2238 συνεγράψατο,
837 2148 979 2234 πρόφασιν
997 2147 1046 2234 μέν
1064 2155 1113 2234 τῆς
1128 2149 1196 2214 ἀπο

405 2287 495 2367 φυγῆς
515 2280 676 2365 ποωύμενος
697 2283 847 2364 τηνοιαῦτα
868 2278 917 2364 τὴν
935 2277 1076 2363 βασιλαὴν
1095 2278 1196 2360 ἀποδη-

404 2411 486 2493 μίαν,
513 2413 547 2491 τη
577 2409 600 2473 δ
633 2409 756 2490 ἀληθείᾳ
783 2405 1058 2490 ἕαυτοῦκαταγνούς
1080 2403 1197 2470 καὶτὸν

407 2537 537 2602 ἐντεῦθεν
553 2536 660 2619 ἔλεγχον
675 2535 777 2609 δεδιώς.

465 2662 587 2728 Ἔπειτα
596 2661 718 2729 ’συνόδου
733 2664 974 2746 συγκροτηθείσης,
994 2662 1136 2744 παρουσίᾳ
1149 2657 1198 2724 καὶ

405 2795 456 2857 τοῦ
478 2793 508 2856 ἐκ
530 2795 601 2856 θεοῦ
619 2790 754 2875 βασιλεως
773 2793 823 2854 τοῦ
842 2787 967 2872 ἀοιδίμου
980 2785 1028 2853 καί
1041 2789 1197 2872 μακαρίτου

405 2919 435 2983 ἐν
456 2922 497 2998 τῷ
516 2915 676 3002 περιωνύμου
694 2920 755 2996 ναῷ
774 2920 823 2999 τῆς
841 2922 891 2981 τοῦ
905 2920 976 2980 θεοῦ
990 2913 1071 3000 λόγου
1085 2917 1196 2998 σοφίας,

404 3051 455 3129 τῆς
469 3071 500 3110 τε
514 3043 664 3129 συγκλήτου
682 3041 730 3109 καὶ
744 3044 793 3109 ούκ
807 3043 906 3128 ὀλίγον
921 3041 980 3110 ἀπό
994 3070 1024 3108 τε
1038 3049 1095 3109 τοῖν
1108 3070 1196 3126 τιμιω

406 3172 502 3239 τάτων
524 3173 743 3256 ἀρχιμανδριτοῦν
764 3168 812 3236 καλ
833 3172 1049 3255 καθηγωμένων
1070 3167 1118 3236 καί
1139 3174 1197 3235 τοῖν

406 3303 456 3383 τῆς
478 3301 619 3373 πολιτείας
642 3301 856 3384 συνειλεγμένων,
878 3295 1090 3382 μεταπεμφθεὶς
1111 3296 1158 3362 καί
1180 3297 1196 3365 5

408 3426 493 3500 αύτδς
514 3427 661 3512 Βαρλαάμ
688 3425 735 3492 καί
761 3422 932 3510 προτραπεὶς
953 3427 1037 3491 εἰπεῖν
1059 3422 1106 3490 καί
1128 3425 1197 3490 ἀπο-

409 3555 498 3630 δεῖξαι
512 3551 542 3619 εί
550 3581 576 3619 τι
591 3556 675 3619 εἰπεῖν
690 3556 742 3638 ἔχει
756 3551 832 3620 κατά
845 3558 901 3619 τῶν
915 3553 984 3618 καθ’
1001 3551 1117 3638 ἡσυχίαν
1132 3549 1196 3629 ζοόν-

405 3706 463 3746 των
477 3685 616 3766 μοναχοῦν,
635 3681 784 3765 παρόντων
797 3678 847 3766 ἤδη
861 3678 909 3746 καί
925 3680 1018 3746 αὐτῶν
1032 3685 1066 3762 τῇ
1080 3678 1195 3759 συνόδῳ,

409 3807 494 3882 αύτδς
514 3806 631 3892 ὡσπερεί
651 3813 701 3874 τοῦ
715 3809 892 3894 προκειμένου
905 3808 996 3892 λήθην
1010 3805 1126 3882 παθών,
1145 3808 1195 3890 μά-

405 3940 488 4001 λιστα
509 3932 539 3999 δέ
560 3937 680 4020 συγχέειν
702 3935 868 4019 πετρούμενος
893 3935 931 4000 τά
952 3939 1002 4018 τῆς
1022 3933 1195 4009 ὑποθέσεως,

408 4063 446 4136 εἰς
462 4061 606 4146 ἐρωτήσεις
624 4060 672 4127 καί
687 4062 809 4146 ἀπορίας
824 4063 951 4146 ἐχωρεῖτο
966 4061 1135 4146 δογματικὰς
1148 4059 1196 4126 καί

405 4188 495 4262 λύσεις
522 4194 579 4255 τεόν
608 4190 797 4274 ἀπορημάτων
827 4185 903 4275 (sic)
933 4189 1029 4275 ἐζήτει·
1051 4191 1089 4265 είς
1111 4188 1127 4256 ὃ
1148 4187 1197 4254 καλ

408 4315 583 4398 ἐνιστάμενος
610 4315 658 4382 καὶ
686 4317 887 4401 ἰσχυριζόμενος
910 4320 993 4402 μηδέν
1015 4347 1042 4385 τι
1062 4317 1197 4403 πρότερον

407 4443 493 4507 εἰπεῖν
507 4440 572 4526 πρὶν
587 4441 623 4508 ἀν
636 4443 686 4529 την
701 4443 745 4510 ἐπὶ
759 4456 823 4518 ταῖς
837 4445 984 4530 ἐρωτήσεσι
998 4445 1114 4519 ταύταις
1127 4445 1195 4513 ἀπό

320 4563 322 4569 ’
406 4595 492 4654 κρισιν
516 4571 563 4635 καὶ
584 4569 659 4636 λύσιν
682 4575 836 4656 κομίσηται,
860 4573 951 4659 ἐπειδὴ
975 4573 1023 4640 καὶ
1045 4572 1125 4652 ἅπαξ
1147 4571 1195 4638 καλ

408 4695 450 4771 δίς
468 4695 516 4762 καί
534 4697 590 4781 μετ’
611 4698 772 4783 ἐμβροθειάς
792 4700 1000 4784 ἀποκρουσθείς
1014 4702 1063 4768 ούι
1078 4702 1195 4768 ἐνεδίδου

406 4828 457 4908 τῆς
478 4824 635 4899 ἐκστάσεως
655 4825 757 4910 ταύτης
785 4825 848 4893 ούδέ
868 4829 999 4894 ἐπείθετο
1024 4829 1109 4913 λέγειν
1133 4825 1196 4913 περὶ

406 4956 457 5035 τῆς
484 4956 542 5018 νοῦν
569 4954 753 5036 προκειμένων
779 4953 939 5031 ἐξετάσεως,
969 4961 1019 5040 τῆς
1043 4954 1118 5022 κατά
1138 4961 1196 5022 τοῖν

406 5083 538 5164 νννκῦν
557 5079 661 5166 θοῖνδλ
680 5080 819 5165 ἕαοᾶυνν
837 5083 903 5166 παρ’
921 5083 1008 5148 αὐτοῦ
1021 5085 1196 5168 κατοικίαν»

407 5206 559 5291 ἐπετρεψεν
592 5206 609 5291 ἡ
636 5207 779 5292 μετριότης
804 5207 883 5292 ἡμων
912 5208 1132 5294 ἀναγνωσθῆναι
1159 5212 1198 5285 είς

408 5332 526 5417 ἐπήκοον
539 5340 589 5418 τῆς
603 5334 718 5402 συνόδου
730 5334 795 5410 τούς
806 5335 894 5420 ἱερούς
904 5334 951 5402 καί
963 5339 1060 5410 θείους
1066 5337 1197 5412 κανόνας,

408 5461 440 5526 δι’
465 5455 505 5528 οῦν
528 5462 716 5548 ἀπηγόρευται
736 5461 785 5528 καλ
807 5463 935 5548 ούδαμιῦς
956 5465 1197 5548 παρακεχώρηται,

410 5587 447 5673 μὴ
473 5588 558 5674 μόνω
585 5602 645 5664 τοῖς
669 5590 730 5656 κατ’
760 5591 845 5659 αὐτὸν
867 5591 939 5657 ἀλλὰ
961 5589 1009 5656 καί
1028 5602 1087 5666 τοῖς
1106 5589 1200 5666 ἄλλοις

2005 801 2048 869 45

1260 1009 1332 1070 πάσι
1345 1003 1428 1088 μηδέν
1441 1030 1468 1070 τι
1481 1001 1544 1088 περὶ
1558 1005 1703 1090 δογμάτων
1717 1017 1806 1082 κινεῖν,
1821 1005 1869 1073 καλ
1883 1019 1941 1082 τοῖς
1956 1006 2049 1082 ἀλλοις

1262 1130 1392 1197 ἐντεῦθεν
1406 1131 1521 1206 πάντως
1535 1131 1658 1217 ἀνάγκην
1672 1134 1827 1200 ἐπιτιθέναι
1840 1133 1902 1219 περὶ
1916 1134 2048 1201 τοωύτων

1262 1257 1484 1344 ἀπολογείσθω,
1509 1259 1577 1342 μηδὲ
1603 1261 1796 1328 διδασκαλικὸν
1821 1263 1931 1336 ἑαυτοῖς
1950 1287 2048 1345 περιτο

1261 1388 1369 1460 θέντας
1382 1387 1494 1469 ἀξίωμα
1513 1387 1638 1464 διεξιέναι
1650 1389 1717 1471 περί
1724 1415 1805 1453 τινων
1820 1388 2049 1473 ἐκκλησιαστυωῖν

1260 1515 1433 1582 ύποθεσεωυ.
1452 1514 1545 1596 μόνοις
1559 1513 1613 1598 γάρ
1628 1513 1715 1598 ἐδόθη
1728 1519 1811 1581 τοῦτο
1825 1527 1884 1589 τοῖς
1898 1517 2049 1602 ἀρχιερεῦσι

1261 1645 1333 1707 θεοῦ
1355 1641 1436 1726 παρά
1458 1645 1508 1725 τῆς
1529 1639 1644 1706 ἀνωθεν
1664 1641 1785 1726 χάριτος.
1807 1641 1874 1727 φησί
1897 1643 1951 1728 γάρ
1972 1643 1988 1711 5
2006 1647 2047 1722 ξδ’

1257 1769 1356 1836 ,κανοῦν
1369 1774 1418 1853 τῆς
1432 1777 1455 1844 ς’
1470 1769 1586 1836 συνόδου
1603 1768 1645 1837 Ού
1657 1768 1710 1854 χρὴ
1723 1770 1819 1837 λαῖκδν
1833 1773 1950 1854 δημοσίᾳ
1968 1773 2049 1856 λόγον

1263 1909 1344 1964 κινεῖν
1364 1895 1381 1980 ἢ
1405 1897 1549 1972 διδάσκειν,
1571 1897 1683 1982 ἀξίωμα
1704 1897 1898 1964 διδαωιαλοιόν
1920 1898 2050 1965 ἐντεῦθεν

1264 2025 1496 2108 περιποιούμενον,
1519 2024 1578 2089 ἀλλ’
1602 2023 1680 2090 είκειν
1699 2051 1733 2108 τη
1752 2024 1833 2108 παρά
1852 2027 1945 2108 κυρίου
1958 2052 2049 2111 παρα-

1265 2154 1381 2235 δοθεάιη
1400 2151 1478 2228 τάξει
1495 2149 1543 2217 καὶ
1557 2151 1589 2219 τὸ
1605 2146 1652 2225 οῦς
1665 2161 1724 2226 τοῖς
1737 2151 1787 2236 τίγν
1799 2152 1881 2236 χάριν
1895 2157 1944 2219 τοῦ
1958 2160 2049 2220 διδασ-

1264 2285 1377 2346 καλικοῦ
1397 2279 1478 2364 λόγου
1495 2283 1611 2365 λαβοῦσι
1625 2281 1769 2364 διανοίγειν
1783 2277 1831 2345 καί
1845 2279 1883 2344 τά
1897 2290 1967 2345 θεῖα
1980 2281 2048 2364 παρ’

1265 2407 1359 2474 αἰτεῖν
1389 2405 1611 2474 ἐκδιδάσκεσθαι.
1640 2407 1669 2471 ἐν
1697 2407 1751 2492 γάρ
1779 2411 1813 2490 τη
1840 2413 1891 2491 μιᾷ
1921 2407 2049 2492 ἐκκλησίᾳ

1264 2536 1387 2620 διάφορα
1405 2535 1472 2618 μελη
1491 2535 1637 2617 πεποίηκεν
1651 2533 1667 2600 5
1681 2533 1751 2608 θεὸς
1765 2533 1840 2601 κατὰ
1854 2534 1904 2619 τὴν
1917 2540 1967 2600 τοῦ
1982 2535 2050 2602 ἀπο

1265 2662 1365 2730 στύλον
1383 2661 1486 2746 φωνήν,
1505 2660 1538 2746 ἣν
1553 2659 1570 2727 5
1583 2661 1719 2746 θεολόγος
1732 2662 1884 2745 ἑρμηνεύων
1898 2668 1930 2726 Γ
1925 2661 2050 2746 ρηγόρως

1264 2798 1366 2876 σαφοῦς
1379 2789 1428 2874 τίγν
1447 2789 1475 2853 ἐν
1488 2789 1595 2862 τούτοις
1608 2788 1688 2865 τάξιν
1701 2790 1859 2872 παρίστησι,
1873 2791 1958 2874 λέγων
1977 2791 2049 2855 Ταῦ

1264 2945 1313 3002 την
1336 2917 1485 3000 αἰδούμεθα
1505 2915 1555 3000 τίγν
1573 2915 1660 2993 τάξιν,
1684 2915 1808 3000 ἀδελφοί,
1827 2915 1929 3000 ταύτην
1947 2917 2050 3000 φνλάτ-

1263 3064 1366 3130 τωμεν’
1380 3042 1453 3128 ὁμὲν
1462 3045 1532 3110 ἐστω
1541 3071 1582 3117 τις
1591 3043 1669 3126 ἀκού,
1679 3043 1694 3110 5
1704 3041 1734 3108 δέ-
1744 3048 1867 3128 γλοῦσσα,
1882 3043 1898 3110 ὁ
1911 3041 1941 3108 δέ
1949 3047 2017 3129 χείρ,
2032 3043 2048 3110 5

1265 3172 1294 3240 δέ
1307 3171 1375 3240 ἀλλά
1389 3190 1427 3238 τι·
1442 3170 1519 3256 όμέν
1533 3171 1718 3246 διδασκέτωύ
1734 3170 1764 3236 δέ
1776 3172 1959 3255 μανθανέτω·
1974 3169 2049 3238 καλό

1263 3300 1313 3384 μῦν
1340 3299 1498 3385 μανθάνων
1527 3299 1556 3363 ἐν
1583 3299 1734 3383 εὐπειθείᾳ,
1764 3296 1811 3364 καὶ
1837 3299 1853 3364 5
1873 3303 1998 3384 χορηγοῦν
2021 3301 2050 3364 ἐν

1264 3428 1411 3513 ἱλαρότητι
1431 3424 1478 3492 καί
1497 3426 1513 3493 5
1527 3426 1671 3512 ύπουργοῦν
1685 3426 1714 3491 ἐν
1728 3429 1882 3510 προθυμίᾳ.
1896 3426 1933 3511 μὴ
1946 3427 2050 3502 πάντες

1264 3551 1337 3640 ὦμεν
1350 3561 1474 3642 γλῶσσα,
1484 3555 1516 3620 τὸ
1526 3554 1708 3638 ἑτοιμότερον·
1723 3553 1760 3637 μὴ
1771 3554 1875 3627 πάντες
1887 3553 2048 3636 ἀπόστολοι,

1263 3682 1300 3766 μὴ
1314 3683 1418 3756 πάντες
1432 3685 1582 3766 προφῆται,
1600 3680 1636 3766 μὴ
1651 3680 1754 3754 πάντες
1768 3681 1985 3765 διερμηνεύωμεν.
2001 3681 2049 3748 καὶ

1263 3810 1335 3894 μετά
1354 3837 1418 3876 τινα
1443 3811 1484 3874 Τί
1500 3807 1618 3875 σεαυτόν
1640 3819 1727 3881 ποιεῖς
1749 3809 1882 3892 ποιμένα,
1906 3809 2049 3894 πρόβατον

1264 3935 1319 4013 555,-
1340 3939 1371 4004 τί
1381 3938 1440 4022 γίνη
1453 3936 1568 4020 κεφαλή,
1584 3935 1654 4008 ποῦς
1666 3935 1810 4020 τυγχάνων
1814 3965 1825 4010 ‚-
1847 3937 1878 4001 τί
1887 3949 2049 4022 στρατηγεῖν

1264 4064 1412 4150 ἐπιχειρεῖς,
1427 4063 1591 4147 τεταγμένως
1605 4062 1634 4128 ἐν
1648 4061 1846 4146 στρατιάταιςς
1868 4061 1915 4128 καί
1930 4063 2049 4148 ίτέρωθι

1261 4191 1304 4257 Ἡ
1315 4195 1403 4275 σοφία
1417 4191 1600 4256 διακελεύεται
1615 4189 1666 4274 Μῖγ
1682 4187 1744 4256 ίσθι
1757 4189 1844 4274 ταχύς
1859 4191 1887 4255 έν
1900 4191 1998 4276 λόγοις,
2012 4192 2050 4276 μὴ

1264 4319 1497 4404 συμπαρεκτείνου
1529 4319 1612 4400 πένης
1644 4315 1684 4382 ἀν
1716 4320 1854 4398 πλουσίῳ,
1883 4317 1951 4402 μηδὲ
1980 4319 2050 4403 ζίγτει

1262 4454 1360 4532 σοφῶν
1380 4447 1450 4511 είνυκ
1463 4444 1630 4529 σοφώτερος.
1646 4445 1671 4510 εί
1683 4446 1717 4510 δέ
1726 4472 1767 4518 τις
1781 4443 1842 4526 άῖεῦ
1856 4445 1906 4512 τόν
1919 4446 2050 4530 παρόντα

1262 4573 1468 4658 παρασαλεύων
1483 4571 1599 4648 κανόνα,
1619 4571 1664 4638 ἐπὶ
1678 4571 1781 4657 ἡμέρας
1796 4573 1977 4657 ἀφοριζίσθω
1991 4600 2050 4640 τεσ-

1262 4701 1434 4786 σαράκοντα
1456 4698 1504 4765 καὶ
1518 4700 1602 4766 πάλιν
1623 4699 1640 4766 5
1661 4704 1710 4783 τῆς
1731 4700 1760 4764 ἐν
1778 4700 1939 4784 Χαλκηδόνι
1957 4701 2050 4766 κανάν

1263 4838 1306 4894 ιθ
1325 4836 1382 4895 Δεῖ
1398 4827 1464 4902 τούς
1484 4832 1541 4894 τῶν
1560 4828 1706 4910 ἐναλησιοῦν
1724 4831 1906 4912 προεστῶτας
1924 4827 1953 4892 ἐν
1971 4827 2050 4910 πάση

1263 4955 1312 5040 μὲν
1326 4955 1421 5040 ἡμέρᾳ,
1443 4955 1591 5038 ἐξαιρέτως
1604 4953 1634 5020 δέ
1646 4965 1710 5029 ταῖς
1723 4965 1876 5037 κυριακαῖς,
1891 4953 1988 5020 πάντα
2001 4953 2051 5020 τὸν

1264 5087 1363 5167 κῖνγρον
1382 5079 1492 5148 καὶτὸν
1506 5082 1576 5147 λαὸν
1590 5081 1757 5147 ἐκδιδάσκειν
1771 5082 1836 5156 τοὺς
1849 5087 1899 5166 τῆς
1912 5081 2052 5167 εὐσεβείας

1264 5209 1370 5294 λόγους,
1393 5209 1423 5274 ἐκ
1436 5215 1485 5294 τῆς
1498 5211 1585 5284 θείας
1598 5213 1706 5293 γραφῆς
1721 5208 1937 5294 ἀναλεγομεῦους
1950 5208 1988 5275 τά
2002 5213 2052 5294 τῆς

1266 5337 1405 5420 ἀληθείας
1425 5335 1553 5420 νούμοτά
1573 5363 1604 5402 τε
1624 5336 1672 5403 καί
1693 5337 1813 5421 ῥήματα,
1837 5332 1885 5401 καί
1905 5336 1943 5421 μὴ
1961 5361 2052 5420 παρα-

1265 5467 1415 5550 βαίνοντας
1433 5463 1499 5538 τοῦς
1516 5462 1567 5548 ἤδη
1585 5466 1724 5538 τεθάτας
1742 5461 1854 5548 ὅρουςῆ
1877 5463 1927 5550 τὴν
1947 5463 1977 5528 ἐκ
1995 5469 2052 5530 τοῖν

1266 5591 1417 5677 θεοφόρων
1440 5593 1570 5676 πατέρων
1583 5591 1749 5678 παράδοσιν,
1766 5591 1839 5657 ἀλλά
1858 5589 1906 5657 καί
1920 5591 1946 5657 εἰ
1957 5617 2052 5677 γραφι-
