<?xml version="1.0" encoding="UTF-8"?>
<!DOCTYPE html PUBLIC "-//W3C//DTD XHTML 1.0 Transitional//EN"
    "http://www.w3.org/TR/xhtml1/DTD/xhtml1-transitional.dtd">
<html xmlns="http://www.w3.org/1999/xhtml" xml:lang="en" lang="en">
 <head>
  <title>
</title>
<meta http-equiv="Content-Type" content="text/html;charset=utf-8" />
  <meta name='ocr-system' content='tesseract 3.04.00' />
  <meta name='ocr-capabilities' content='ocr_page ocr_carea ocr_par ocr_line ocrx_word'/>
</head>
<body>
  <div class='ocr_page' id='page_1' title='image "anecdotasacraet01tiscgoog_0048.png"; bbox 0 0 5244 6618; ppageno 0'>
   <div class='ocr_carea' id='block_1_1' title="bbox 1974 689 2014 754">
    <p class='ocr_par' dir='ltr' id='par_1_1' title="bbox 1974 689 2014 754">
     <span class='ocr_line' id='line_1_1' title="bbox 1974 689 2014 754; baseline 0.05 -2"><span class='ocrx_word' id='word_1_1' title='bbox 1974 689 2014 754; x_wconf 80' lang='lat'><strong><em>27</em></strong></span> 
     </span>
    </p>
   </div>
   <div class='ocr_carea' id='block_1_2' title="bbox 359 887 2013 5426">
    <p class='ocr_par' dir='ltr' id='par_1_2' title="bbox 372 887 2013 1226">
     <span class='ocr_line' id='line_1_2' title="bbox 373 887 2013 976; baseline -0.003 -17"><span class='ocrx_word' id='word_1_2' title='bbox 373 891 496 959; x_wconf 80' lang='lat' dir='ltr'>Versus</span> <span class='ocrx_word' id='word_1_3' title='bbox 517 893 610 959; x_wconf 79' lang='lat' dir='ltr'>elteri</span> <span class='ocrx_word' id='word_1_4' title='bbox 620 893 713 960; x_wconf 84' lang='grc' dir='ltr'><strong><em>Ὄσσα</em></strong></span> <span class='ocrx_word' id='word_1_5' title='bbox 732 891 794 976; x_wconf 80' lang='grc' dir='ltr'><strong><em>περὶ</em></strong></span> <span class='ocrx_word' id='word_1_6' title='bbox 814 903 935 976; x_wconf 81' lang='grc' dir='ltr'><strong><em>χριστοῖο</em></strong></span> <span class='ocrx_word' id='word_1_7' title='bbox 954 897 1014 956; x_wconf 85' lang='lat' dir='ltr'>etc.</span> <span class='ocrx_word' id='word_1_8' title='bbox 1037 887 1136 954; x_wconf 87' lang='lat' dir='ltr'>iidem</span> <span class='ocrx_word' id='word_1_9' title='bbox 1157 897 1232 954; x_wconf 90' lang='lat' dir='ltr'>sunt</span> <span class='ocrx_word' id='word_1_10' title='bbox 1251 911 1332 976; x_wconf 91' lang='lat' dir='ltr'>quos</span> <span class='ocrx_word' id='word_1_11' title='bbox 1347 889 1544 956; x_wconf 86' lang='lat' dir='ltr'>Matthaeius</span> <span class='ocrx_word' id='word_1_12' title='bbox 1565 914 1607 956; x_wconf 87' lang='lat' dir='ltr'>ex</span> <span class='ocrx_word' id='word_1_13' title='bbox 1620 890 1723 957; x_wconf 86' lang='lat' dir='ltr'>Mose.</span> <span class='ocrx_word' id='word_1_14' title='bbox 1744 891 1816 957; x_wconf 90' lang='lat' dir='ltr'>cod.</span> <span class='ocrx_word' id='word_1_15' title='bbox 1832 891 1851 956; x_wconf 94' lang='lat' dir='ltr'><strong><em>l.</em></strong></span> <span class='ocrx_word' id='word_1_16' title='bbox 1868 891 1888 956; x_wconf 89' lang='lat' dir='ltr'><strong><em>l.</em></strong></span> <span class='ocrx_word' id='word_1_17' title='bbox 1904 891 1967 956; x_wconf 90' lang='lat' dir='ltr'>vol.</span> <span class='ocrx_word' id='word_1_18' title='bbox 1984 893 2013 955; x_wconf 77' lang='lat'><strong><em>2.</em></strong></span> 
     </span>
     <span class='ocr_line' id='line_1_3' title="bbox 372 1014 2012 1108; baseline -0.001 -24"><span class='ocrx_word' id='word_1_19' title='bbox 372 1043 404 1108; x_wconf 91' lang='lat' dir='ltr'><strong><em>p.</em></strong></span> <span class='ocrx_word' id='word_1_20' title='bbox 421 1019 450 1084; x_wconf 84' lang='lat'><strong><em>8.</em></strong></span> <span class='ocrx_word' id='word_1_21' title='bbox 473 1029 505 1086; x_wconf 89' lang='lat' dir='ltr'>et</span> <span class='ocrx_word' id='word_1_22' title='bbox 525 1023 597 1108; x_wconf 88' lang='lat' dir='ltr'>ipse</span> <span class='ocrx_word' id='word_1_23' title='bbox 621 1043 663 1084; x_wconf 86' lang='lat' dir='ltr'>ex</span> <span class='ocrx_word' id='word_1_24' title='bbox 684 1017 756 1084; x_wconf 90' lang='lat' dir='ltr'>cod.</span> <span class='ocrx_word' id='word_1_25' title='bbox 774 1016 883 1084; x_wconf 82' lang='lat' dir='ltr'>Cabir.</span> <span class='ocrx_word' id='word_1_26' title='bbox 906 1016 927 1084; x_wconf 87' lang='lat'><strong><em>1.</em></strong></span> <span class='ocrx_word' id='word_1_27' title='bbox 942 1016 963 1082; x_wconf 93' lang='lat' dir='ltr'><strong><em>l.</em></strong></span> <span class='ocrx_word' id='word_1_28' title='bbox 984 1014 1154 1082; x_wconf 80' lang='lat' dir='ltr'>edidimus.</span> <span class='ocrx_word' id='word_1_29' title='bbox 1190 1017 1323 1082; x_wconf 88' lang='lat' dir='ltr'>Rectius</span> <span class='ocrx_word' id='word_1_30' title='bbox 1341 1019 1376 1083; x_wconf 94' lang='lat' dir='ltr'><strong><em>in</em></strong></span> <span class='ocrx_word' id='word_1_31' title='bbox 1394 1019 1516 1083; x_wconf 88' lang='lat' dir='ltr'>nostris</span> <span class='ocrx_word' id='word_1_32' title='bbox 1532 1025 1582 1084; x_wconf 87' lang='lat' dir='ltr'>est</span> <span class='ocrx_word' id='word_1_33' title='bbox 1596 1019 1737 1086; x_wconf 83' lang='grc' dir='ltr'><strong><em>ἐδιδοσκεν</em></strong></span> <span class='ocrx_word' id='word_1_34' title='bbox 1751 1039 1848 1104; x_wconf 84' lang='lat' dir='ltr'>quam</span> <span class='ocrx_word' id='word_1_35' title='bbox 1861 1021 1896 1084; x_wconf 91' lang='lat' dir='ltr'><strong><em>in</em></strong></span> <span class='ocrx_word' id='word_1_36' title='bbox 1909 1017 2012 1084; x_wconf 82' lang='lat' dir='ltr'>Mose.</span> 
     </span>
     <span class='ocr_line' id='line_1_4' title="bbox 373 1143 958 1226; baseline -0.01 -12"><span class='ocrx_word' id='word_1_37' title='bbox 373 1149 504 1226; x_wconf 82' lang='grc' dir='ltr'><strong><em>ἐδίδαξεν.</em></strong></span> <span class='ocrx_word' id='word_1_38' title='bbox 548 1145 654 1211; x_wconf 88' lang='lat' dir='ltr'><strong>Alteri</strong></span> <span class='ocrx_word' id='word_1_39' title='bbox 667 1168 746 1212; x_wconf 86' lang='lat' dir='ltr'>vero</span> <span class='ocrx_word' id='word_1_40' title='bbox 762 1143 958 1210; x_wconf 79' lang='lat' dir='ltr'>eishabent:</span> 
     </span>
    </p>

    <p class='ocr_par' dir='ltr' id='par_1_3' title="bbox 461 1275 1873 1367">
     <span class='ocr_line' id='line_1_5' title="bbox 461 1275 1873 1367; baseline 0 -19"><span class='ocrx_word' id='word_1_41' title='bbox 461 1285 530 1350; x_wconf 79' lang='grc' dir='ltr'><strong><em>Τῖόν</em></strong></span> <span class='ocrx_word' id='word_1_42' title='bbox 546 1284 658 1367; x_wconf 79' lang='grc' dir='ltr'><strong><em>Πέτρον</em></strong></span> <span class='ocrx_word' id='word_1_43' title='bbox 671 1283 720 1349; x_wconf 87' lang='grc' dir='ltr'><strong><em>τόν</em></strong></span> <span class='ocrx_word' id='word_1_44' title='bbox 736 1283 858 1366; x_wconf 90' lang='grc' dir='ltr'><strong><em>Μάρκον</em></strong></span> <span class='ocrx_word' id='word_1_45' title='bbox 871 1279 888 1364; x_wconf 83' lang='grc' dir='ltr'><strong><em>ἡ</em></strong></span> <span class='ocrx_word' id='word_1_46' title='bbox 902 1282 972 1346; x_wconf 85' lang='grc' dir='ltr'><strong><em>θεία</em></strong></span> <span class='ocrx_word' id='word_1_47' title='bbox 983 1279 1064 1365; x_wconf 83' lang='grc' dir='ltr'><strong><em>χάρις</em></strong></span> <span class='ocrx_word' id='word_1_48' title='bbox 1311 1280 1359 1358; x_wconf 81' lang='grc' dir='ltr'><strong><em>Ἐξ</em></strong></span> <span class='ocrx_word' id='word_1_49' title='bbox 1372 1275 1405 1347; x_wconf 80' lang='grc' dir='ltr'><strong><em>οὗ</em></strong></span> <span class='ocrx_word' id='word_1_50' title='bbox 1416 1279 1534 1364; x_wconf 74' lang='grc' dir='ltr'><strong><em>μνηθεὶς</em></strong></span> <span class='ocrx_word' id='word_1_51' title='bbox 1547 1285 1605 1346; x_wconf 76' lang='grc' dir='ltr'><strong><em>τόν</em></strong></span> <span class='ocrx_word' id='word_1_52' title='bbox 1618 1283 1873 1364; x_wconf 78' lang='grc' dir='ltr'><strong><em>θεοπρωτεστάτων</em></strong></span> 
     </span>
    </p>

    <p class='ocr_par' dir='ltr' id='par_1_4' title="bbox 462 1396 1861 1486">
     <span class='ocr_line' id='line_1_6' title="bbox 462 1396 1861 1486; baseline 0 -20"><span class='ocrx_word' id='word_1_53' title='bbox 462 1405 584 1486; x_wconf 84' lang='grc' dir='ltr'><strong><em>Τίθησιν</em></strong></span> <span class='ocrx_word' id='word_1_54' title='bbox 599 1400 684 1484; x_wconf 77' lang='grc' dir='ltr'><strong><em>άλλην</em></strong></span> <span class='ocrx_word' id='word_1_55' title='bbox 699 1400 910 1486; x_wconf 81' lang='grc' dir='ltr'><strong><em>ἀρραγεστάτην</em></strong></span> <span class='ocrx_word' id='word_1_56' title='bbox 923 1399 1028 1482; x_wconf 79' lang='grc' dir='ltr'><strong><em>πέτραν</em></strong></span> <span class='ocrx_word' id='word_1_57' title='bbox 1307 1396 1413 1484; x_wconf 81' lang='grc' dir='ltr'><strong><em>Ἐργων</em></strong></span> <span class='ocrx_word' id='word_1_58' title='bbox 1425 1397 1523 1483; x_wconf 77' lang='grc' dir='ltr'><strong><em>Ἰησοῦ,</em></strong></span> <span class='ocrx_word' id='word_1_59' title='bbox 1544 1401 1692 1466; x_wconf 67' lang='lat' dir='ltr'>oxiam</span> <span class='ocrx_word' id='word_1_60' title='bbox 1704 1399 1738 1467; x_wconf 83' lang='grc' dir='ltr'><strong><em>τὸ</em></strong></span> <span class='ocrx_word' id='word_1_61' title='bbox 1750 1403 1861 1486; x_wconf 74' lang='grc' dir='ltr'><strong><em>βτβλιον,</em></strong></span> 
     </span>
    </p>

    <p class='ocr_par' dir='ltr' id='par_1_5' title="bbox 456 1517 1879 1604">
     <span class='ocr_line' id='line_1_7' title="bbox 456 1517 1879 1604; baseline -0.001 -19"><span class='ocrx_word' id='word_1_62' title='bbox 456 1522 592 1604; x_wconf 78' lang='grc' dir='ltr'><strong><em>Κρηαίδα</em></strong></span> <span class='ocrx_word' id='word_1_63' title='bbox 605 1517 654 1585; x_wconf 79' lang='grc' dir='ltr'><strong><em>καὶ</em></strong></span> <span class='ocrx_word' id='word_1_64' title='bbox 667 1521 810 1604; x_wconf 83' lang='grc' dir='ltr'><strong><em>σψραγίδα</em></strong></span> <span class='ocrx_word' id='word_1_65' title='bbox 823 1521 873 1602; x_wconf 78' lang='grc' dir='ltr'><strong><em>τῆς</em></strong></span> <span class='ocrx_word' id='word_1_66' title='bbox 886 1518 1038 1600; x_wconf 57' lang='lat' dir='ltr'>eupator,</span> <span class='ocrx_word' id='word_1_67' title='bbox 1314 1517 1383 1584; x_wconf 68' lang='lat' dir='ltr'>Yttr</span> <span class='ocrx_word' id='word_1_68' title='bbox 1396 1521 1468 1584; x_wconf 75' lang='grc' dir='ltr'><strong><em>θεοῦ</em></strong></span> <span class='ocrx_word' id='word_1_69' title='bbox 1482 1518 1531 1584; x_wconf 80' lang='grc' dir='ltr'><strong><em>τὸν</em></strong></span> <span class='ocrx_word' id='word_1_70' title='bbox 1545 1517 1672 1602; x_wconf 79' lang='grc' dir='ltr'><strong><em>Χριστόν</em></strong></span> <span class='ocrx_word' id='word_1_71' title='bbox 1686 1518 1717 1583; x_wconf 75' lang='grc' dir='ltr'><strong><em>ἐκ</em></strong></span> <span class='ocrx_word' id='word_1_72' title='bbox 1729 1521 1879 1602; x_wconf 75' lang='grc' dir='ltr'><strong><em>ντροοηάων</em></strong></span> 
     </span>
    </p>

    <p class='ocr_par' dir='ltr' id='par_1_6' title="bbox 456 1634 1977 1724">
     <span class='ocr_line' id='line_1_8' title="bbox 456 1634 1977 1724; baseline -0.003 -19"><span class='ocrx_word' id='word_1_73' title='bbox 456 1637 659 1724; x_wconf 72' lang='grc' dir='ltr'><strong><em>Εόαγγάκστην</em></strong></span> <span class='ocrx_word' id='word_1_74' title='bbox 673 1637 798 1722; x_wconf 83' lang='grc' dir='ltr'><strong><em>δεόνερον</em></strong></span> <span class='ocrx_word' id='word_1_75' title='bbox 812 1635 957 1720; x_wconf 87' lang='grc' dir='ltr'><strong><em>θεηγόρον,</em></strong></span> <span class='ocrx_word' id='word_1_76' title='bbox 1309 1639 1460 1719; x_wconf 81' lang='grc' dir='ltr'><strong><em>Λαμντρτός</em></strong></span> <span class='ocrx_word' id='word_1_77' title='bbox 1474 1635 1612 1702; x_wconf 82' lang='grc' dir='ltr'><strong><em>διδάσκων</em></strong></span> <span class='ocrx_word' id='word_1_78' title='bbox 1625 1634 1673 1702; x_wconf 78' lang='grc' dir='ltr'><strong><em>καὶ</em></strong></span> <span class='ocrx_word' id='word_1_79' title='bbox 1685 1641 1783 1721; x_wconf 70' lang='grc' dir='ltr'><strong><em>σοφοῖς</em></strong></span> <span class='ocrx_word' id='word_1_80' title='bbox 1797 1637 1977 1723; x_wconf 78' lang='grc' dir='ltr'><strong><em>ἀναγράφων.</em></strong></span> 
     </span>
    </p>

    <p class='ocr_par' dir='ltr' id='par_1_7' title="bbox 370 1783 2013 2512">
     <span class='ocr_line' id='line_1_9' title="bbox 455 1783 2012 1875; baseline -0.001 -19"><span class='ocrx_word' id='word_1_81' title='bbox 455 1789 696 1856; x_wconf 80' lang='lat' dir='ltr'>FiniturMarci</span> <span class='ocrx_word' id='word_1_82' title='bbox 709 1787 914 1875; x_wconf 84' lang='lat' dir='ltr'>evangelium</span> <span class='ocrx_word' id='word_1_83' title='bbox 930 1786 1074 1854; x_wconf 88' lang='lat' dir='ltr'>secundo</span> <span class='ocrx_word' id='word_1_84' title='bbox 1089 1783 1168 1852; x_wconf 88' lang='lat' dir='ltr'>folio</span> <span class='ocrx_word' id='word_1_85' title='bbox 1187 1789 1408 1874; x_wconf 79' lang='lat' dir='ltr'>quaternionis</span> <span class='ocrx_word' id='word_1_86' title='bbox 1423 1795 1457 1853; x_wconf 75' lang='grc' dir='ltr'><strong><em>θ’</em></strong></span> <span class='ocrx_word' id='word_1_87' title='bbox 1476 1785 1669 1875; x_wconf 84' lang='lat' dir='ltr'>subscriptis</span> <span class='ocrx_word' id='word_1_88' title='bbox 1684 1810 1819 1854; x_wconf 88' lang='lat' dir='ltr'>numero</span> <span class='ocrx_word' id='word_1_89' title='bbox 1836 1787 2012 1855; x_wconf 89' lang='lat' dir='ltr'>stichorum</span> 
     </span>
     <span class='ocr_line' id='line_1_10' title="bbox 371 1913 2012 2004; baseline -0.002 -19"><span class='ocrx_word' id='word_1_90' title='bbox 371 1946 427 2004; x_wconf 87' lang='grc' dir='ltr'><strong><em>,αχ,</em></strong></span> <span class='ocrx_word' id='word_1_91' title='bbox 443 1927 476 1982; x_wconf 88' lang='lat' dir='ltr'>et</span> <span class='ocrx_word' id='word_1_92' title='bbox 489 1917 599 1984; x_wconf 82' lang='lat' dir='ltr'>verbis</span> <span class='ocrx_word' id='word_1_93' title='bbox 614 1916 681 1982; x_wconf 89' lang='lat' dir='ltr'>his:</span> <span class='ocrx_word' id='word_1_94' title='bbox 703 1916 736 1984; x_wconf 87' lang='grc' dir='ltr'><strong><em>τό</em></strong></span> <span class='ocrx_word' id='word_1_95' title='bbox 750 1915 826 1982; x_wconf 85' lang='grc' dir='ltr'><strong><em>κατά</em></strong></span> <span class='ocrx_word' id='word_1_96' title='bbox 842 1917 939 2001; x_wconf 65' lang='lat' dir='ltr'>Molpa</span> <span class='ocrx_word' id='word_1_97' title='bbox 954 1913 1034 2002; x_wconf 87' lang='grc' dir='ltr'><strong><em>άγιον</em></strong></span> <span class='ocrx_word' id='word_1_98' title='bbox 1047 1915 1138 2001; x_wconf 82' lang='grc' dir='ltr'><strong><em>εόαγγ.</em></strong></span> <span class='ocrx_word' id='word_1_99' title='bbox 1153 1916 1272 2000; x_wconf 74' lang='grc' dir='ltr'><strong><em>ἐξεδόθη</em></strong></span> <span class='ocrx_word' id='word_1_100' title='bbox 1285 1915 1357 2000; x_wconf 83' lang='grc' dir='ltr'><strong><em>μετά</em></strong></span> <span class='ocrx_word' id='word_1_101' title='bbox 1369 1915 1485 2000; x_wconf 84' lang='grc' dir='ltr'><strong><em>χρόνους</em></strong></span> <span class='ocrx_word' id='word_1_102' title='bbox 1500 1917 1568 1982; x_wconf 77' lang='grc' dir='ltr'><strong><em>δέκα</em></strong></span> <span class='ocrx_word' id='word_1_103' title='bbox 1582 1920 1631 1999; x_wconf 81' lang='grc' dir='ltr'><strong><em>τῆς</em></strong></span> <span class='ocrx_word' id='word_1_104' title='bbox 1645 1925 1702 2000; x_wconf 88' lang='grc' dir='ltr'><strong><em>Χρ.</em></strong></span> <span class='ocrx_word' id='word_1_105' title='bbox 1718 1916 1893 2002; x_wconf 64' lang='grc' dir='ltr'><strong><em>ἀναλήψεως.</em></strong></span> <span class='ocrx_word' id='word_1_106' title='bbox 1912 1915 2012 1982; x_wconf 75' lang='lat' dir='ltr'>Prae·</span> 
     </span>
     <span class='ocr_line' id='line_1_11' title="bbox 370 2041 2013 2130; baseline -0.001 -20"><span class='ocrx_word' id='word_1_107' title='bbox 370 2046 480 2110; x_wconf 89' lang='lat' dir='ltr'>missis</span> <span class='ocrx_word' id='word_1_108' title='bbox 503 2043 605 2110; x_wconf 90' lang='lat' dir='ltr'>titulis</span> <span class='ocrx_word' id='word_1_109' title='bbox 627 2043 678 2122; x_wconf 88' lang='lat'><strong><em>69,</em></strong></span> <span class='ocrx_word' id='word_1_110' title='bbox 702 2041 823 2130; x_wconf 88' lang='lat' dir='ltr'>duplici</span> <span class='ocrx_word' id='word_1_111' title='bbox 845 2044 987 2108; x_wconf 81' lang='lat' dir='ltr'>carmine</span> <span class='ocrx_word' id='word_1_112' title='bbox 1013 2051 1045 2109; x_wconf 88' lang='lat' dir='ltr'>et</span> <span class='ocrx_word' id='word_1_113' title='bbox 1066 2042 1349 2128; x_wconf 65' lang='lat' dir='ltr'>imaginemur,</span> <span class='ocrx_word' id='word_1_114' title='bbox 1372 2063 1456 2128; x_wconf 87' lang='lat' dir='ltr'>quae</span> <span class='ocrx_word' id='word_1_115' title='bbox 1478 2041 1642 2108; x_wconf 77' lang='lat' dir='ltr'>simillime</span> <span class='ocrx_word' id='word_1_116' title='bbox 1658 2041 1763 2110; x_wconf 89' lang='lat' dir='ltr'>Marci</span> <span class='ocrx_word' id='word_1_117' title='bbox 1786 2051 1844 2126; x_wconf 84' lang='lat' dir='ltr'>est,</span> <span class='ocrx_word' id='word_1_118' title='bbox 1867 2045 2013 2130; x_wconf 88' lang='lat' dir='ltr'>sequitur</span> 
     </span>
     <span class='ocr_line' id='line_1_12' title="bbox 370 2167 2011 2258; baseline -0.003 -18"><span class='ocrx_word' id='word_1_119' title='bbox 370 2174 461 2258; x_wconf 76' lang='grc' dir='ltr'><strong><em>α’ναγγ.</em></strong></span> <span class='ocrx_word' id='word_1_120' title='bbox 477 2171 521 2258; x_wconf 73' lang='lat' dir='ltr'><strong><em>ty.</em></strong></span> <span class='ocrx_word' id='word_1_121' title='bbox 536 2199 598 2238; x_wconf 89' lang='grc' dir='ltr'><strong><em>κατ.</em></strong></span> <span class='ocrx_word' id='word_1_122' title='bbox 612 2179 686 2237; x_wconf 73' lang='lat' dir='ltr'>lova.</span> <span class='ocrx_word' id='word_1_123' title='bbox 729 2169 892 2236; x_wconf 88' lang='lat' dir='ltr'>Versuum</span> <span class='ocrx_word' id='word_1_124' title='bbox 907 2191 989 2256; x_wconf 90' lang='lat' dir='ltr'>quos</span> <span class='ocrx_word' id='word_1_125' title='bbox 1005 2169 1146 2236; x_wconf 83' lang='lat' dir='ltr'>diximus</span> <span class='ocrx_word' id='word_1_126' title='bbox 1162 2168 1255 2235; x_wconf 85' lang='lat' dir='ltr'>alteri</span> <span class='ocrx_word' id='word_1_127' title='bbox 1270 2193 1290 2236; x_wconf 88' lang='lat' dir='ltr'>a</span> <span class='ocrx_word' id='word_1_128' title='bbox 1303 2168 1481 2235; x_wconf 86' lang='lat' dir='ltr'>Matthaeio</span> <span class='ocrx_word' id='word_1_129' title='bbox 1495 2168 1515 2234; x_wconf 92' lang='lat' dir='ltr'><strong><em>l.</em></strong></span> <span class='ocrx_word' id='word_1_130' title='bbox 1530 2167 1551 2234; x_wconf 91' lang='lat' dir='ltr'><strong><em>l.</em></strong></span> <span class='ocrx_word' id='word_1_131' title='bbox 1567 2169 1631 2235; x_wconf 88' lang='lat' dir='ltr'>vol.</span> <span class='ocrx_word' id='word_1_132' title='bbox 1647 2171 1677 2236; x_wconf 86' lang='lat'><strong><em>3.</em></strong></span> <span class='ocrx_word' id='word_1_133' title='bbox 1692 2192 1724 2257; x_wconf 89' lang='lat' dir='ltr'><strong><em>p.</em></strong></span> <span class='ocrx_word' id='word_1_134' title='bbox 1742 2169 1791 2234; x_wconf 93' lang='lat' dir='ltr'><strong><em>ll.</em></strong></span> <span class='ocrx_word' id='word_1_135' title='bbox 1808 2179 1840 2235; x_wconf 88' lang='lat' dir='ltr'>et</span> <span class='ocrx_word' id='word_1_136' title='bbox 1854 2193 1875 2236; x_wconf 88' lang='lat' dir='ltr'>a</span> <span class='ocrx_word' id='word_1_137' title='bbox 1888 2193 1942 2236; x_wconf 89' lang='lat' dir='ltr'>me</span> <span class='ocrx_word' id='word_1_138' title='bbox 1956 2171 1976 2236; x_wconf 93' lang='lat' dir='ltr'><strong><em>l.</em></strong></span> <span class='ocrx_word' id='word_1_139' title='bbox 1992 2170 2011 2235; x_wconf 95' lang='lat' dir='ltr'><strong><em>l.</em></strong></span> 
     </span>
     <span class='ocr_line' id='line_1_13' title="bbox 371 2295 2012 2384; baseline 0 -20"><span class='ocrx_word' id='word_1_140' title='bbox 371 2299 451 2364; x_wconf 79' lang='lat' dir='ltr'>editi</span> <span class='ocrx_word' id='word_1_141' title='bbox 469 2307 558 2365; x_wconf 86' lang='lat' dir='ltr'>sunt:</span> <span class='ocrx_word' id='word_1_142' title='bbox 582 2297 691 2364; x_wconf 85' lang='lat' dir='ltr'>differt</span> <span class='ocrx_word' id='word_1_143' title='bbox 707 2297 887 2372; x_wconf 86' lang='grc' dir='ltr'><strong><em>Ἀθανάτον,</em></strong></span> <span class='ocrx_word' id='word_1_144' title='bbox 906 2295 1009 2362; x_wconf 88' lang='lat' dir='ltr'>Mose.</span> <span class='ocrx_word' id='word_1_145' title='bbox 1027 2298 1216 2381; x_wconf 81' lang='grc' dir='ltr'><strong><em>Ἀθανάτοεο,</em></strong></span> <span class='ocrx_word' id='word_1_146' title='bbox 1238 2295 1345 2362; x_wconf 82' lang='lat' dir='ltr'>Oahir.</span> <span class='ocrx_word' id='word_1_147' title='bbox 1366 2295 1464 2383; x_wconf 88' lang='lat' dir='ltr'>idque</span> <span class='ocrx_word' id='word_1_148' title='bbox 1482 2295 1598 2362; x_wconf 88' lang='lat' dir='ltr'>melius</span> <span class='ocrx_word' id='word_1_149' title='bbox 1611 2297 1794 2374; x_wconf 81' lang='grc' dir='ltr'><strong><em>Ἀθάνατονς</em></strong></span> <span class='ocrx_word' id='word_1_150' title='bbox 1814 2299 1893 2364; x_wconf 80' lang='lat' dir='ltr'>item</span> <span class='ocrx_word' id='word_1_151' title='bbox 1911 2299 2012 2384; x_wconf 78' lang='grc' dir='ltr'><strong><em>ἐμίχθη</em></strong></span> 
     </span>
     <span class='ocr_line' id='line_1_14' title="bbox 371 2421 1299 2512; baseline -0.005 -20"><span class='ocrx_word' id='word_1_152' title='bbox 371 2427 404 2492; x_wconf 92' lang='lat' dir='ltr'><strong><em>in</em></strong></span> <span class='ocrx_word' id='word_1_153' title='bbox 418 2435 532 2492; x_wconf 87' lang='lat' dir='ltr'>nostro</span> <span class='ocrx_word' id='word_1_154' title='bbox 548 2435 581 2492; x_wconf 90' lang='lat' dir='ltr'>et</span> <span class='ocrx_word' id='word_1_155' title='bbox 596 2423 706 2491; x_wconf 81' lang='lat' dir='ltr'>Cabir.</span> <span class='ocrx_word' id='word_1_156' title='bbox 722 2445 782 2512; x_wconf 92' lang='lat' dir='ltr'>pro</span> <span class='ocrx_word' id='word_1_157' title='bbox 798 2425 910 2508; x_wconf 85' lang='grc' dir='ltr'><strong><em>ἐδείχθη</em></strong></span> <span class='ocrx_word' id='word_1_158' title='bbox 924 2423 958 2489; x_wconf 90' lang='lat' dir='ltr'><strong><em>in</em></strong></span> <span class='ocrx_word' id='word_1_159' title='bbox 971 2422 1074 2488; x_wconf 87' lang='lat' dir='ltr'>Mose.</span> <span class='ocrx_word' id='word_1_160' title='bbox 1089 2421 1194 2490; x_wconf 82' lang='lat' dir='ltr'>Alteri</span> <span class='ocrx_word' id='word_1_161' title='bbox 1209 2433 1299 2490; x_wconf 87' lang='lat' dir='ltr'>sunt:</span> 
     </span>
    </p>

    <p class='ocr_par' dir='ltr' id='par_1_8' title="bbox 453 2577 1805 2664">
     <span class='ocr_line' id='line_1_15' title="bbox 453 2577 1805 2664; baseline -0.001 -18"><span class='ocrx_word' id='word_1_162' title='bbox 453 2584 537 2664; x_wconf 74' lang='grc' dir='ltr'><strong><em>Ζαῆς</em></strong></span> <span class='ocrx_word' id='word_1_163' title='bbox 550 2578 600 2646; x_wconf 88' lang='grc' dir='ltr'><strong><em>τόν</em></strong></span> <span class='ocrx_word' id='word_1_164' title='bbox 614 2577 700 2662; x_wconf 87' lang='grc' dir='ltr'><strong><em>άρτον</em></strong></span> <span class='ocrx_word' id='word_1_165' title='bbox 714 2577 839 2662; x_wconf 78' lang='grc' dir='ltr'><strong><em>Χριστόν</em></strong></span> <span class='ocrx_word' id='word_1_166' title='bbox 852 2577 1000 2661; x_wconf 77' lang='grc' dir='ltr'>ἠξιωμένος</span> <span class='ocrx_word' id='word_1_167' title='bbox 1308 2579 1412 2662; x_wconf 87' lang='grc' dir='ltr'><strong><em>Λόγων</em></strong></span> <span class='ocrx_word' id='word_1_168' title='bbox 1426 2579 1551 2652; x_wconf 85' lang='grc' dir='ltr'><strong><em>άνωόσας</em></strong></span> <span class='ocrx_word' id='word_1_169' title='bbox 1565 2578 1658 2660; x_wconf 75' lang='grc' dir='ltr'><strong><em>ε’κγωεῖ</em></strong></span> <span class='ocrx_word' id='word_1_170' title='bbox 1666 2581 1805 2662; x_wconf 81' lang='grc' dir='ltr'><strong><em>θεωρίαν·</em></strong></span> 
     </span>
    </p>

    <p class='ocr_par' dir='ltr' id='par_1_9' title="bbox 458 2695 1862 2783">
     <span class='ocr_line' id='line_1_16' title="bbox 458 2695 1862 2783; baseline 0 -21"><span class='ocrx_word' id='word_1_171' title='bbox 458 2704 573 2783; x_wconf 85' lang='grc' dir='ltr'><strong><em>Φαγεῖν,</em></strong></span> <span class='ocrx_word' id='word_1_172' title='bbox 595 2701 688 2780; x_wconf 80' lang='grc' dir='ltr'><strong><em>ταφῆς</em></strong></span> <span class='ocrx_word' id='word_1_173' title='bbox 701 2695 859 2780; x_wconf 77' lang='grc' dir='ltr'><strong><em>λάμψαντα</em></strong></span> <span class='ocrx_word' id='word_1_174' title='bbox 872 2698 922 2778; x_wconf 76' lang='grc' dir='ltr'><strong><em>τῆς</em></strong></span> <span class='ocrx_word' id='word_1_175' title='bbox 935 2697 1085 2780; x_wconf 73' lang='grc' dir='ltr'><strong><em>τριημερον,</em></strong></span> <span class='ocrx_word' id='word_1_176' title='bbox 1311 2695 1388 2764; x_wconf 72' lang='lat' dir='ltr'>otoo</span> <span class='ocrx_word' id='word_1_177' title='bbox 1401 2695 1418 2766; x_wconf 84' lang='grc' dir='ltr'><strong><em>ό</em></strong></span> <span class='ocrx_word' id='word_1_178' title='bbox 1432 2701 1549 2770; x_wconf 57' lang='lat' dir='ltr'>Aeones</span> <span class='ocrx_word' id='word_1_179' title='bbox 1562 2697 1670 2781; x_wconf 62' lang='grc' dir='ltr'><strong><em>εὐωχεῖ</em></strong></span> <span class='ocrx_word' id='word_1_180' title='bbox 1679 2697 1862 2772; x_wconf 72' lang='grc' dir='ltr'><strong><em>διδασκάλων,</em></strong></span> 
     </span>
    </p>

    <p class='ocr_par' dir='ltr' id='par_1_10' title="bbox 454 2809 1833 2902">
     <span class='ocr_line' id='line_1_17' title="bbox 454 2809 1833 2902; baseline -0.003 -19"><span class='ocrx_word' id='word_1_181' title='bbox 454 2815 656 2902; x_wconf 67' lang='grc' dir='ltr'><strong><em>Εὖογγάιστέγς</em></strong></span> <span class='ocrx_word' id='word_1_182' title='bbox 670 2815 796 2900; x_wconf 74' lang='grc' dir='ltr'><strong><em>τυγχάνει</em></strong></span> <span class='ocrx_word' id='word_1_183' title='bbox 809 2817 928 2888; x_wconf 84' lang='grc' dir='ltr'><strong><em>Λονκᾶς</em></strong></span> <span class='ocrx_word' id='word_1_184' title='bbox 940 2815 1040 2898; x_wconf 84' lang='grc' dir='ltr'><strong><em>τρίτος,</em></strong></span> <span class='ocrx_word' id='word_1_185' title='bbox 1310 2811 1537 2890; x_wconf 79' lang='grc' dir='ltr'><strong><em>Οότωςάνωθεν</em></strong></span> <span class='ocrx_word' id='word_1_186' title='bbox 1550 2809 1833 2900; x_wconf 60' lang='grc' dir='ltr'><strong><em>α’ντοςῆνρνβωμενος,</em></strong></span> 
     </span>
    </p>

    <p class='ocr_par' dir='ltr' id='par_1_11' title="bbox 450 2931 1846 3018">
     <span class='ocr_line' id='line_1_18' title="bbox 450 2931 1846 3018; baseline -0.001 -18"><span class='ocrx_word' id='word_1_187' title='bbox 450 2931 488 3000; x_wconf 82' lang='grc' dir='ltr'><em>Ὦ</em></span> <span class='ocrx_word' id='word_1_188' title='bbox 503 2939 621 3008; x_wconf 77' lang='grc' dir='ltr'><strong><em>Παῦλος</em></strong></span> <span class='ocrx_word' id='word_1_189' title='bbox 635 2933 721 3008; x_wconf 78' lang='grc' dir='ltr'><strong><em>αιἀὸς</em></strong></span> <span class='ocrx_word' id='word_1_190' title='bbox 734 2933 852 3018; x_wconf 83' lang='grc' dir='ltr'><strong><em>οόρανόν</em></strong></span> <span class='ocrx_word' id='word_1_191' title='bbox 865 2933 990 3018; x_wconf 78' lang='grc' dir='ltr'><em>φθάσας</em></span> <span class='ocrx_word' id='word_1_192' title='bbox 1003 2935 1103 3017; x_wconf 82' lang='grc' dir='ltr'><strong><em>τρίτον,</em></strong></span> <span class='ocrx_word' id='word_1_193' title='bbox 1311 2933 1359 2998; x_wconf 85' lang='grc' dir='ltr'><strong><em>Τά</em></strong></span> <span class='ocrx_word' id='word_1_194' title='bbox 1373 2943 1443 2998; x_wconf 81' lang='grc' dir='ltr'><strong><em>θεῖα</em></strong></span> <span class='ocrx_word' id='word_1_195' title='bbox 1456 2936 1545 3010; x_wconf 76' lang='grc' dir='ltr'><strong><em>θείως</em></strong></span> <span class='ocrx_word' id='word_1_196' title='bbox 1557 2935 1663 3016; x_wconf 79' lang='grc' dir='ltr'><strong><em>ἱστορεῖ</em></strong></span> <span class='ocrx_word' id='word_1_197' title='bbox 1672 2934 1846 3018; x_wconf 66' lang='grc' dir='ltr'><strong><em>δοδειγμενος,</em></strong></span> 
     </span>
    </p>

    <p class='ocr_par' dir='ltr' id='par_1_12' title="bbox 454 3049 1911 3140">
     <span class='ocr_line' id='line_1_19' title="bbox 454 3049 1911 3140; baseline -0.003 -20"><span class='ocrx_word' id='word_1_198' title='bbox 454 3054 516 3120; x_wconf 76' lang='grc' dir='ltr'><strong><em>Καὶ</em></strong></span> <span class='ocrx_word' id='word_1_199' title='bbox 530 3053 580 3138; x_wconf 72' lang='grc' dir='ltr'><strong><em>τὴν</em></strong></span> <span class='ocrx_word' id='word_1_200' title='bbox 594 3051 709 3119; x_wconf 80' lang='grc' dir='ltr'><strong><em>ἄνωθεν</em></strong></span> <span class='ocrx_word' id='word_1_201' title='bbox 722 3057 779 3118; x_wconf 74' lang='grc' dir='ltr'><strong><em>τῶν</em></strong></span> <span class='ocrx_word' id='word_1_202' title='bbox 792 3049 861 3136; x_wconf 71' lang='lat' dir='ltr'><strong><em>baio</em></strong></span> <span class='ocrx_word' id='word_1_203' title='bbox 874 3055 939 3118; x_wconf 73' lang='grc' dir='ltr'><strong><em>νοῦν</em></strong></span> <span class='ocrx_word' id='word_1_204' title='bbox 953 3049 1001 3117; x_wconf 64' lang='grc' dir='ltr'><strong><em>κατ’</em></strong></span> <span class='ocrx_word' id='word_1_205' title='bbox 1014 3051 1095 3136; x_wconf 73' lang='grc' dir='ltr'><strong><em>λόγον</em></strong></span> <span class='ocrx_word' id='word_1_206' title='bbox 1306 3051 1412 3136; x_wconf 76' lang='grc' dir='ltr'><strong><em>Ῥητωρ</em></strong></span> <span class='ocrx_word' id='word_1_207' title='bbox 1426 3053 1585 3140; x_wconf 83' lang='grc' dir='ltr'><strong><em>ντνρίντνοψς,</em></strong></span> <span class='ocrx_word' id='word_1_208' title='bbox 1607 3050 1754 3135; x_wconf 85' lang='grc' dir='ltr'><strong><em>ντάνσοψος</em></strong></span> <span class='ocrx_word' id='word_1_209' title='bbox 1767 3051 1911 3136; x_wconf 83' lang='grc' dir='ltr'><strong><em>θεηγόρος.</em></strong></span> 
     </span>
    </p>

    <p class='ocr_par' dir='ltr' id='par_1_13' title="bbox 365 3201 2011 3928">
     <span class='ocr_line' id='line_1_20' title="bbox 472 3201 2009 3290; baseline -0.002 -19"><span class='ocrx_word' id='word_1_210' title='bbox 472 3205 599 3290; x_wconf 72' lang='lat' dir='ltr'>evang.</span> <span class='ocrx_word' id='word_1_211' title='bbox 614 3205 726 3270; x_wconf 86' lang='lat' dir='ltr'>Lucae</span> <span class='ocrx_word' id='word_1_212' title='bbox 744 3204 856 3270; x_wconf 86' lang='lat' dir='ltr'>linitur</span> <span class='ocrx_word' id='word_1_213' title='bbox 874 3201 929 3269; x_wconf 88' lang='lat' dir='ltr'>fol.</span> <span class='ocrx_word' id='word_1_214' title='bbox 947 3207 974 3266; x_wconf 91' lang='lat'><strong><em>1.</em></strong></span> <span class='ocrx_word' id='word_1_215' title='bbox 994 3204 1215 3290; x_wconf 82' lang='lat' dir='ltr'>quaternionis</span> <span class='ocrx_word' id='word_1_216' title='bbox 1235 3209 1278 3290; x_wconf 68' lang='grc' dir='ltr'><strong><em>λθ</em></strong></span> <span class='ocrx_word' id='word_1_217' title='bbox 1296 3203 1416 3270; x_wconf 84' lang='lat' dir='ltr'>notatis</span> <span class='ocrx_word' id='word_1_218' title='bbox 1433 3201 1546 3268; x_wconf 88' lang='lat' dir='ltr'>stichis</span> <span class='ocrx_word' id='word_1_219' title='bbox 1562 3209 1624 3290; x_wconf 62' lang='grc' dir='ltr'><strong><em>,βα</em></strong></span> <span class='ocrx_word' id='word_1_220' title='bbox 1648 3212 1680 3267; x_wconf 89' lang='lat' dir='ltr'>et</span> <span class='ocrx_word' id='word_1_221' title='bbox 1695 3201 1887 3290; x_wconf 88' lang='lat' dir='ltr'>subscriptis</span> <span class='ocrx_word' id='word_1_222' title='bbox 1901 3203 1934 3273; x_wconf 81' lang='grc' dir='ltr'><strong><em>τό</em></strong></span> <span class='ocrx_word' id='word_1_223' title='bbox 1948 3231 2009 3270; x_wconf 88' lang='grc' dir='ltr'><strong><em>κατ.</em></strong></span> 
     </span>
     <span class='ocr_line' id='line_1_21' title="bbox 367 3329 2010 3419; baseline -0.002 -19"><span class='ocrx_word' id='word_1_224' title='bbox 367 3343 456 3402; x_wconf 87' lang='grc' dir='ltr'><strong><em>Λοοκ.</em></strong></span> <span class='ocrx_word' id='word_1_225' title='bbox 479 3331 557 3419; x_wconf 86' lang='grc' dir='ltr'><strong><em>άγων</em></strong></span> <span class='ocrx_word' id='word_1_226' title='bbox 579 3333 669 3416; x_wconf 80' lang='grc' dir='ltr'><strong><em>εόαγχ.</em></strong></span> <span class='ocrx_word' id='word_1_227' title='bbox 691 3331 809 3414; x_wconf 75' lang='grc' dir='ltr'><strong><em>ἐξεδόθη</em></strong></span> <span class='ocrx_word' id='word_1_228' title='bbox 829 3331 901 3416; x_wconf 84' lang='grc' dir='ltr'><strong><em>μετά</em></strong></span> <span class='ocrx_word' id='word_1_229' title='bbox 918 3331 1034 3417; x_wconf 83' lang='grc' dir='ltr'><strong><em>χρόνους</em></strong></span> <span class='ocrx_word' id='word_1_230' title='bbox 1052 3339 1084 3398; x_wconf 78' lang='grc' dir='ltr'><strong><em>ιε’</em></strong></span> <span class='ocrx_word' id='word_1_231' title='bbox 1102 3337 1151 3416; x_wconf 76' lang='grc' dir='ltr'><strong><em>τῆς</em></strong></span> <span class='ocrx_word' id='word_1_232' title='bbox 1164 3340 1220 3415; x_wconf 89' lang='grc' dir='ltr'><strong><em>Χρ.</em></strong></span> <span class='ocrx_word' id='word_1_233' title='bbox 1240 3331 1416 3416; x_wconf 71' lang='grc' dir='ltr'><strong><em>ἀναλήψεως.</em></strong></span> <span class='ocrx_word' id='word_1_234' title='bbox 1459 3329 1534 3396; x_wconf 86' lang='lat' dir='ltr'><strong><em>Hoc</em></strong></span> <span class='ocrx_word' id='word_1_235' title='bbox 1554 3329 1721 3416; x_wconf 80' lang='lat' dir='ltr'>excipiunt</span> <span class='ocrx_word' id='word_1_236' title='bbox 1733 3329 1756 3394; x_wconf 88' lang='lat' dir='ltr'><strong>J</strong></span> <span class='ocrx_word' id='word_1_237' title='bbox 1757 3329 1894 3396; x_wconf 83' lang='lat' dir='ltr'>ohannis</span> <span class='ocrx_word' id='word_1_238' title='bbox 1914 3353 2010 3396; x_wconf 85' lang='lat' dir='ltr'>evan-</span> 
     </span>
     <span class='ocr_line' id='line_1_22' title="bbox 367 3429 2009 3548; baseline -0.003 -21"><span class='ocrx_word' id='word_1_239' title='bbox 367 3460 445 3548; x_wconf 89' lang='lat' dir='ltr'>gelii</span> <span class='ocrx_word' id='word_1_240' title='bbox 465 3458 550 3526; x_wconf 89' lang='lat' dir='ltr'>tituli</span> <span class='ocrx_word' id='word_1_241' title='bbox 570 3459 620 3543; x_wconf 87' lang='lat'><strong><em>18,</em></strong></span> <span class='ocrx_word' id='word_1_242' title='bbox 643 3457 707 3525; x_wconf 92' lang='lat' dir='ltr'><strong><em>duo</em></strong></span> <span class='ocrx_word' id='word_1_243' title='bbox 732 3429 876 3524; x_wconf 79' lang='lat' dir='ltr'>carmina</span> <span class='ocrx_word' id='word_1_244' title='bbox 899 3469 931 3522; x_wconf 89' lang='lat' dir='ltr'>et</span> <span class='ocrx_word' id='word_1_245' title='bbox 951 3460 1061 3544; x_wconf 84' lang='lat' dir='ltr'>imago</span> <span class='ocrx_word' id='word_1_246' title='bbox 1085 3457 1304 3543; x_wconf 84' lang='lat' dir='ltr'>evangelistae</span> <span class='ocrx_word' id='word_1_247' title='bbox 1327 3457 1470 3523; x_wconf 88' lang='lat' dir='ltr'>sedentis</span> <span class='ocrx_word' id='word_1_248' title='bbox 1493 3467 1526 3522; x_wconf 90' lang='lat' dir='ltr'>et</span> <span class='ocrx_word' id='word_1_249' title='bbox 1543 3457 1670 3522; x_wconf 88' lang='lat' dir='ltr'>initium</span> <span class='ocrx_word' id='word_1_250' title='bbox 1691 3457 1851 3544; x_wconf 86' lang='lat' dir='ltr'>evangelii</span> <span class='ocrx_word' id='word_1_251' title='bbox 1866 3459 1917 3524; x_wconf 91' lang='lat' dir='ltr'><strong><em>sui</em></strong></span> <span class='ocrx_word' id='word_1_252' title='bbox 1932 3459 2009 3523; x_wconf 90' lang='lat' dir='ltr'>sori-</span> 
     </span>
     <span class='ocr_line' id='line_1_23' title="bbox 365 3582 2011 3672; baseline -0.003 -18"><span class='ocrx_word' id='word_1_253' title='bbox 365 3589 483 3655; x_wconf 85' lang='lat' dir='ltr'>bentis.</span> <span class='ocrx_word' id='word_1_254' title='bbox 525 3585 673 3652; x_wconf 83' lang='lat' dir='ltr'>Alterum</span> <span class='ocrx_word' id='word_1_255' title='bbox 694 3607 826 3651; x_wconf 87' lang='lat' dir='ltr'>carmen</span> <span class='ocrx_word' id='word_1_256' title='bbox 843 3583 948 3650; x_wconf 87' lang='lat' dir='ltr'>tribus</span> <span class='ocrx_word' id='word_1_257' title='bbox 967 3585 1117 3650; x_wconf 88' lang='lat' dir='ltr'>versibus</span> <span class='ocrx_word' id='word_1_258' title='bbox 1133 3593 1287 3650; x_wconf 87' lang='lat' dir='ltr'>constans</span> <span class='ocrx_word' id='word_1_259' title='bbox 1303 3586 1344 3650; x_wconf 87' lang='lat' dir='ltr'><strong><em>of.</em></strong></span> <span class='ocrx_word' id='word_1_260' title='bbox 1360 3584 1448 3671; x_wconf 87' lang='lat' dir='ltr'>apud</span> <span class='ocrx_word' id='word_1_261' title='bbox 1461 3583 1674 3650; x_wconf 85' lang='lat' dir='ltr'>Matthaeium</span> <span class='ocrx_word' id='word_1_262' title='bbox 1688 3583 1708 3648; x_wconf 94' lang='lat' dir='ltr'><strong><em>l.</em></strong></span> <span class='ocrx_word' id='word_1_263' title='bbox 1723 3582 1743 3648; x_wconf 93' lang='lat' dir='ltr'><strong><em>l.</em></strong></span> <span class='ocrx_word' id='word_1_264' title='bbox 1760 3583 1823 3649; x_wconf 91' lang='lat' dir='ltr'>vol.</span> <span class='ocrx_word' id='word_1_265' title='bbox 1838 3583 1869 3650; x_wconf 88' lang='grc'><strong><em>4.</em></strong></span> <span class='ocrx_word' id='word_1_266' title='bbox 1885 3608 1916 3672; x_wconf 90' lang='lat' dir='ltr'><strong><em>p.</em></strong></span> <span class='ocrx_word' id='word_1_267' title='bbox 1934 3585 1961 3649; x_wconf 79' lang='lat'><strong><em>7.</em></strong></span> <span class='ocrx_word' id='word_1_268' title='bbox 1978 3593 2011 3650; x_wconf 91' lang='lat' dir='ltr'>et</span> 
     </span>
     <span class='ocr_line' id='line_1_24' title="bbox 366 3709 2007 3803; baseline -0.004 -21"><span class='ocrx_word' id='word_1_269' title='bbox 366 3715 455 3803; x_wconf 84' lang='lat' dir='ltr'>apud</span> <span class='ocrx_word' id='word_1_270' title='bbox 472 3739 525 3780; x_wconf 91' lang='lat' dir='ltr'>me</span> <span class='ocrx_word' id='word_1_271' title='bbox 543 3713 564 3778; x_wconf 90' lang='lat' dir='ltr'><strong><em>l.</em></strong></span> <span class='ocrx_word' id='word_1_272' title='bbox 580 3713 600 3778; x_wconf 91' lang='lat' dir='ltr'><strong><em>l.</em></strong></span> <span class='ocrx_word' id='word_1_273' title='bbox 644 3712 689 3778; x_wconf 85' lang='lat' dir='ltr'><strong><em>Et</em></strong></span> <span class='ocrx_word' id='word_1_274' title='bbox 706 3721 819 3778; x_wconf 88' lang='lat' dir='ltr'>noster</span> <span class='ocrx_word' id='word_1_275' title='bbox 834 3720 867 3778; x_wconf 88' lang='lat' dir='ltr'>et</span> <span class='ocrx_word' id='word_1_276' title='bbox 882 3709 992 3777; x_wconf 83' lang='lat' dir='ltr'>Oahir.</span> <span class='ocrx_word' id='word_1_277' title='bbox 1007 3715 1145 3796; x_wconf 81' lang='grc' dir='ltr'><strong><em>Βροντίης</em></strong></span> <span class='ocrx_word' id='word_1_278' title='bbox 1163 3711 1297 3795; x_wconf 87' lang='lat' dir='ltr'>habent,</span> <span class='ocrx_word' id='word_1_279' title='bbox 1321 3710 1410 3798; x_wconf 90' lang='lat' dir='ltr'>quod</span> <span class='ocrx_word' id='word_1_280' title='bbox 1423 3709 1537 3777; x_wconf 87' lang='lat' dir='ltr'>Matth.</span> <span class='ocrx_word' id='word_1_281' title='bbox 1554 3712 1698 3777; x_wconf 86' lang='lat' dir='ltr'>correxit</span> <span class='ocrx_word' id='word_1_282' title='bbox 1710 3711 1876 3796; x_wconf 77' lang='grc' dir='ltr'><strong><em>Βροντὴεις,·</em></strong></span> <span class='ocrx_word' id='word_1_283' title='bbox 1899 3709 2007 3776; x_wconf 80' lang='lat' dir='ltr'>Cabir.</span> 
     </span>
     <span class='ocr_line' id='line_1_25' title="bbox 366 3836 2007 3928; baseline -0.005 -19"><span class='ocrx_word' id='word_1_284' title='bbox 366 3841 476 3928; x_wconf 77' lang='grc' dir='ltr'><strong><em>εὕρατο,</em></strong></span> <span class='ocrx_word' id='word_1_285' title='bbox 490 3840 607 3928; x_wconf 88' lang='lat' dir='ltr'>reliqui</span> <span class='ocrx_word' id='word_1_286' title='bbox 622 3839 687 3905; x_wconf 91' lang='lat' dir='ltr'><strong><em>duo</em></strong></span> <span class='ocrx_word' id='word_1_287' title='bbox 702 3837 802 3924; x_wconf 84' lang='grc' dir='ltr'><strong><em>εόρετο.</em></strong></span> <span class='ocrx_word' id='word_1_288' title='bbox 825 3837 986 3920; x_wconf 79' lang='lat' dir='ltr'>Quartum</span> <span class='ocrx_word' id='word_1_289' title='bbox 1001 3861 1132 3906; x_wconf 87' lang='lat' dir='ltr'>versum</span> <span class='ocrx_word' id='word_1_290' title='bbox 1146 3861 1206 3904; x_wconf 89' lang='lat' dir='ltr'>nec</span> <span class='ocrx_word' id='word_1_291' title='bbox 1222 3850 1334 3905; x_wconf 86' lang='lat' dir='ltr'>noster</span> <span class='ocrx_word' id='word_1_292' title='bbox 1347 3861 1409 3904; x_wconf 90' lang='lat' dir='ltr'>nec</span> <span class='ocrx_word' id='word_1_293' title='bbox 1421 3837 1529 3904; x_wconf 83' lang='lat' dir='ltr'>Cahir.</span> <span class='ocrx_word' id='word_1_294' title='bbox 1546 3836 1646 3904; x_wconf 87' lang='lat' dir='ltr'>addit.</span> <span class='ocrx_word' id='word_1_295' title='bbox 1668 3836 1817 3904; x_wconf 86' lang='lat' dir='ltr'>Alterum</span> <span class='ocrx_word' id='word_1_296' title='bbox 1832 3839 1881 3902; x_wconf 91' lang='lat' dir='ltr'><strong><em>sio</em></strong></span> <span class='ocrx_word' id='word_1_297' title='bbox 1895 3836 2007 3904; x_wconf 84' lang='lat' dir='ltr'>babet:</span> 
     </span>
    </p>

    <p class='ocr_par' dir='ltr' id='par_1_14' title="bbox 447 3972 1890 4060">
     <span class='ocr_line' id='line_1_26' title="bbox 447 3972 1890 4060; baseline -0.002 -17"><span class='ocrx_word' id='word_1_298' title='bbox 447 3977 481 4044; x_wconf 89' lang='grc' dir='ltr'><em>Ὁ</em></span> <span class='ocrx_word' id='word_1_299' title='bbox 495 3979 641 4060; x_wconf 78' lang='grc' dir='ltr'><strong><em>παρθένος</em></strong></span> <span class='ocrx_word' id='word_1_300' title='bbox 654 3979 696 4053; x_wconf 75' lang='grc' dir='ltr'><strong><em>τίς</em></strong></span> <span class='ocrx_word' id='word_1_301' title='bbox 717 3975 766 4042; x_wconf 86' lang='grc' dir='ltr'><strong><em>τόν</em></strong></span> <span class='ocrx_word' id='word_1_302' title='bbox 779 3976 896 4042; x_wconf 76' lang='grc' dir='ltr'><strong><em>τεκόντα</em></strong></span> <span class='ocrx_word' id='word_1_303' title='bbox 909 3975 959 4042; x_wconf 89' lang='grc' dir='ltr'><strong><em>τόν</em></strong></span> <span class='ocrx_word' id='word_1_304' title='bbox 972 3976 1051 4042; x_wconf 88' lang='grc' dir='ltr'><strong><em>κάτω</em></strong></span> <span class='ocrx_word' id='word_1_305' title='bbox 1306 3974 1419 4050; x_wconf 82' lang='grc' dir='ltr'><strong><em>Πεσάν,</em></strong></span> <span class='ocrx_word' id='word_1_306' title='bbox 1434 3974 1542 4039; x_wconf 72' lang='grc' dir='ltr'><strong><em>ἐκεῖθεν</em></strong></span> <span class='ocrx_word' id='word_1_307' title='bbox 1555 3973 1605 4058; x_wconf 69' lang='grc' dir='ltr'><strong><em>τὴν</em></strong></span> <span class='ocrx_word' id='word_1_308' title='bbox 1619 3972 1742 4060; x_wconf 84' lang='grc' dir='ltr'><strong><em>άβοσσον</em></strong></span> <span class='ocrx_word' id='word_1_309' title='bbox 1754 3973 1890 4060; x_wconf 79' lang='grc' dir='ltr'><strong><em>λαμβάνει</em></strong></span> 
     </span>
    </p>

    <p class='ocr_par' dir='ltr' id='par_1_15' title="bbox 450 4089 1983 4178">
     <span class='ocr_line' id='line_1_27' title="bbox 450 4089 1983 4178; baseline -0.001 -16"><span class='ocrx_word' id='word_1_310' title='bbox 450 4097 561 4172; x_wconf 72' lang='lat' dir='ltr'>Amaia,</span> <span class='ocrx_word' id='word_1_311' title='bbox 583 4094 700 4162; x_wconf 75' lang='grc' dir='ltr'><strong><em>τεκόντα</em></strong></span> <span class='ocrx_word' id='word_1_312' title='bbox 713 4093 763 4162; x_wconf 83' lang='grc' dir='ltr'><strong><em>τόν</em></strong></span> <span class='ocrx_word' id='word_1_313' title='bbox 776 4093 848 4160; x_wconf 80' lang='grc' dir='ltr'><strong><em>θεὸν</em></strong></span> <span class='ocrx_word' id='word_1_314' title='bbox 861 4098 964 4159; x_wconf 81' lang='grc' dir='ltr'><strong><em>κτάνω</em></strong></span> <span class='ocrx_word' id='word_1_315' title='bbox 976 4095 1067 4178; x_wconf 93' lang='grc' dir='ltr'><strong><em>μόνον.</em></strong></span> <span class='ocrx_word' id='word_1_316' title='bbox 1308 4099 1367 4178; x_wconf 72' lang='grc' dir='ltr'><strong><em>Τῆς</em></strong></span> <span class='ocrx_word' id='word_1_317' title='bbox 1381 4093 1508 4178; x_wconf 77' lang='grc' dir='ltr'><strong><em>γνώσεως</em></strong></span> <span class='ocrx_word' id='word_1_318' title='bbox 1521 4089 1570 4158; x_wconf 78' lang='grc' dir='ltr'><strong><em>καὶ</em></strong></span> <span class='ocrx_word' id='word_1_319' title='bbox 1583 4091 1679 4158; x_wconf 80' lang='grc' dir='ltr'><strong><em>πάντα</em></strong></span> <span class='ocrx_word' id='word_1_320' title='bbox 1693 4098 1808 4159; x_wconf 69' lang='lat' dir='ltr'>aborret*</span> <span class='ocrx_word' id='word_1_321' title='bbox 1817 4093 1867 4160; x_wconf 83' lang='grc' dir='ltr'><strong><em>τὸν</em></strong></span> <span class='ocrx_word' id='word_1_322' title='bbox 1880 4093 1983 4178; x_wconf 82' lang='grc' dir='ltr'><strong><em>κόσμον</em></strong></span> 
     </span>
    </p>

    <p class='ocr_par' dir='ltr' id='par_1_16' title="bbox 447 4208 1902 4298">
     <span class='ocr_line' id='line_1_28' title="bbox 447 4208 1902 4298; baseline -0.003 -17"><span class='ocrx_word' id='word_1_323' title='bbox 447 4216 498 4289; x_wconf 87' lang='grc' dir='ltr'><strong><em>Ὡς</em></strong></span> <span class='ocrx_word' id='word_1_324' title='bbox 511 4215 657 4298; x_wconf 75' lang='grc' dir='ltr'><strong><em>παρθένος</em></strong></span> <span class='ocrx_word' id='word_1_325' title='bbox 670 4213 724 4298; x_wconf 81' lang='grc' dir='ltr'><strong><em>γάρ</em></strong></span> <span class='ocrx_word' id='word_1_326' title='bbox 738 4211 809 4296; x_wconf 75' lang='grc' dir='ltr'><strong><em>πρὸς</em></strong></span> <span class='ocrx_word' id='word_1_327' title='bbox 822 4211 872 4279; x_wconf 82' lang='grc' dir='ltr'><strong><em>τόν</em></strong></span> <span class='ocrx_word' id='word_1_328' title='bbox 886 4211 916 4276; x_wconf 78' lang='grc' dir='ltr'><strong><em>ἐκ</em></strong></span> <span class='ocrx_word' id='word_1_329' title='bbox 929 4217 979 4296; x_wconf 81' lang='grc' dir='ltr'><strong><em>τῆς</em></strong></span> <span class='ocrx_word' id='word_1_330' title='bbox 992 4213 1139 4296; x_wconf 73' lang='grc' dir='ltr'><strong><em>νιορθενον</em></strong></span> <span class='ocrx_word' id='word_1_331' title='bbox 1306 4214 1476 4296; x_wconf 81' lang='grc' dir='ltr'><strong><em>Μοστηρόων</em></strong></span> <span class='ocrx_word' id='word_1_332' title='bbox 1490 4209 1623 4297; x_wconf 82' lang='grc' dir='ltr'><strong><em>ἄγνωστα</em></strong></span> <span class='ocrx_word' id='word_1_333' title='bbox 1636 4208 1684 4276; x_wconf 73' lang='grc' dir='ltr'><strong><em>καὶ</em></strong></span> <span class='ocrx_word' id='word_1_334' title='bbox 1697 4222 1757 4286; x_wconf 81' lang='grc' dir='ltr'><strong><em>τοῖς</em></strong></span> <span class='ocrx_word' id='word_1_335' title='bbox 1770 4211 1902 4297; x_wconf 59' lang='grc' dir='ltr'><strong><em>άγγεθονς.</em></strong></span> 
     </span>
    </p>

    <p class='ocr_par' dir='ltr' id='par_1_17' title="bbox 448 4325 1805 4416">
     <span class='ocr_line' id='line_1_29' title="bbox 448 4325 1805 4416; baseline -0.004 -16"><span class='ocrx_word' id='word_1_336' title='bbox 448 4342 482 4400; x_wconf 88' lang='grc' dir='ltr'><em>Κ</em></span> <span class='ocrx_word' id='word_1_337' title='bbox 482 4339 604 4400; x_wconf 64' lang='lat' dir='ltr'>uicina</span> <span class='ocrx_word' id='word_1_338' title='bbox 617 4331 744 4416; x_wconf 86' lang='grc' dir='ltr'><strong><em>Χριστόν</em></strong></span> <span class='ocrx_word' id='word_1_339' title='bbox 759 4330 806 4397; x_wconf 83' lang='grc' dir='ltr'><strong><em>οἷα</em></strong></span> <span class='ocrx_word' id='word_1_340' title='bbox 819 4331 948 4416; x_wconf 76' lang='grc' dir='ltr'><strong><em>συγγενὴς</em></strong></span> <span class='ocrx_word' id='word_1_341' title='bbox 961 4332 1055 4416; x_wconf 75' lang='grc' dir='ltr'><strong><em>τρέχει.</em></strong></span> <span class='ocrx_word' id='word_1_342' title='bbox 1308 4330 1449 4416; x_wconf 83' lang='grc' dir='ltr'><strong><em>Θεηγόρος</em></strong></span> <span class='ocrx_word' id='word_1_343' title='bbox 1462 4332 1595 4415; x_wconf 74' lang='grc' dir='ltr'><strong><em>τέταρτος</em></strong></span> <span class='ocrx_word' id='word_1_344' title='bbox 1608 4325 1656 4396; x_wconf 78' lang='grc' dir='ltr'><strong><em>σόν</em></strong></span> <span class='ocrx_word' id='word_1_345' title='bbox 1668 4329 1805 4414; x_wconf 81' lang='grc' dir='ltr'><strong><em>Ἰωάννης</em></strong></span> 
     </span>
    </p>

    <p class='ocr_par' dir='ltr' id='par_1_18' title="bbox 446 4445 1870 4654">
     <span class='ocr_line' id='line_1_30' title="bbox 446 4445 1870 4535; baseline -0.002 -18"><span class='ocrx_word' id='word_1_346' title='bbox 446 4449 693 4525; x_wconf 65' lang='grc' dir='ltr'><strong><em>Ἐνταόθενεέςτό</em></strong></span> <span class='ocrx_word' id='word_1_347' title='bbox 707 4449 916 4534; x_wconf 76' lang='grc' dir='ltr'><strong><em>στόγθοςαότοό</em></strong></span> <span class='ocrx_word' id='word_1_348' title='bbox 930 4451 1046 4534; x_wconf 78' lang='grc' dir='ltr'><strong><em>γνησίως</em></strong></span> <span class='ocrx_word' id='word_1_349' title='bbox 1303 4449 1511 4535; x_wconf 75' lang='grc' dir='ltr'><strong><em>Εόαγγελιστός,</em></strong></span> <span class='ocrx_word' id='word_1_350' title='bbox 1527 4449 1586 4515; x_wconf 63' lang='grc' dir='ltr'><strong><em>ἀλλ’</em></strong></span> <span class='ocrx_word' id='word_1_351' title='bbox 1603 4445 1711 4534; x_wconf 82' lang='grc' dir='ltr'><strong><em>ἐνόψετ</em></strong></span> <span class='ocrx_word' id='word_1_352' title='bbox 1724 4449 1870 4534; x_wconf 83' lang='grc' dir='ltr'><strong><em>δογμάτων</em></strong></span> 
     </span>
     <span class='ocr_line' id='line_1_31' title="bbox 852 4565 1482 4654; baseline -0.003 -1"><span class='ocrx_word' id='word_1_353' title='bbox 852 4571 983 4653; x_wconf 59' lang='grc' dir='ltr'><strong><em>Παῖτον</em></strong></span> <span class='ocrx_word' id='word_1_354' title='bbox 996 4569 1130 4654; x_wconf 61' lang='grc' dir='ltr'><strong><em>νέοντο,</em></strong></span> <span class='ocrx_word' id='word_1_355' title='bbox 1144 4566 1237 4652; x_wconf 67' lang='lat' dir='ltr'>boor,</span> <span class='ocrx_word' id='word_1_356' title='bbox 1252 4567 1324 4652; x_wconf 65' lang='lat' dir='ltr'><strong><em>ort</em></strong></span> <span class='ocrx_word' id='word_1_357' title='bbox 1337 4565 1386 4633; x_wconf 70' lang='grc' dir='ltr'><strong><em>καὶ</em></strong></span> <span class='ocrx_word' id='word_1_358' title='bbox 1398 4567 1482 4642; x_wconf 65' lang='lat' dir='ltr'>“ios-</span> 
     </span>
    </p>

    <p class='ocr_par' dir='ltr' id='par_1_19' title="bbox 359 4696 2006 5426">
     <span class='ocr_line' id='line_1_32' title="bbox 467 4696 2005 4790; baseline -0.001 -20"><span class='ocrx_word' id='word_1_359' title='bbox 467 4703 539 4770; x_wconf 84' lang='lat' dir='ltr'>Fol.</span> <span class='ocrx_word' id='word_1_360' title='bbox 563 4704 593 4768; x_wconf 87' lang='grc'><strong><em>4.</em></strong></span> <span class='ocrx_word' id='word_1_361' title='bbox 625 4704 846 4790; x_wconf 83' lang='lat' dir='ltr'>quaternionis</span> <span class='ocrx_word' id='word_1_362' title='bbox 874 4711 924 4788; x_wconf 80' lang='grc' dir='ltr'><strong><em>μα’</em></strong></span> <span class='ocrx_word' id='word_1_363' title='bbox 955 4703 1124 4790; x_wconf 83' lang='lat' dir='ltr'>evangelio</span> <span class='ocrx_word' id='word_1_364' title='bbox 1152 4699 1369 4768; x_wconf 89' lang='lat' dir='ltr'>subscribitur</span> <span class='ocrx_word' id='word_1_365' title='bbox 1390 4703 1480 4788; x_wconf 81' lang='grc' dir='ltr'><strong><em>εόαγγ.</em></strong></span> <span class='ocrx_word' id='word_1_366' title='bbox 1508 4699 1553 4788; x_wconf 90' lang='grc' dir='ltr'><strong><em>άγ.</em></strong></span> <span class='ocrx_word' id='word_1_367' title='bbox 1579 4703 1654 4770; x_wconf 80' lang='grc' dir='ltr'><strong><em>κατὰ</em></strong></span> <span class='ocrx_word' id='word_1_368' title='bbox 1673 4702 1810 4787; x_wconf 83' lang='grc' dir='ltr'><strong><em>Ἰωάννην</em></strong></span> <span class='ocrx_word' id='word_1_369' title='bbox 1837 4728 1923 4788; x_wconf 85' lang='grc' dir='ltr'><strong><em>στιχχ.</em></strong></span> <span class='ocrx_word' id='word_1_370' title='bbox 1953 4696 2005 4790; x_wconf 70' lang='grc' dir='ltr'><strong><em>,βα</em></strong></span> 
     </span>
     <span class='ocr_line' id='line_1_33' title="bbox 361 4825 2005 4917; baseline -0.004 -18"><span class='ocrx_word' id='word_1_371' title='bbox 361 4833 497 4899; x_wconf 85' lang='lat' dir='ltr'>Restant</span> <span class='ocrx_word' id='word_1_372' title='bbox 518 4829 598 4896; x_wconf 83' lang='lat' dir='ltr'>folia</span> <span class='ocrx_word' id='word_1_373' title='bbox 617 4828 691 4913; x_wconf 86' lang='lat' dir='ltr'>duo,</span> <span class='ocrx_word' id='word_1_374' title='bbox 715 4851 852 4916; x_wconf 91' lang='lat' dir='ltr'>quorum</span> <span class='ocrx_word' id='word_1_375' title='bbox 870 4831 990 4917; x_wconf 89' lang='lat' dir='ltr'>priore,</span> <span class='ocrx_word' id='word_1_376' title='bbox 1012 4851 1148 4896; x_wconf 89' lang='lat' dir='ltr'>numero</span> <span class='ocrx_word' id='word_1_377' title='bbox 1167 4837 1185 4896; x_wconf 78' lang='grc' dir='ltr'><strong><em>ι’</em></strong></span> <span class='ocrx_word' id='word_1_378' title='bbox 1206 4825 1241 4915; x_wconf 88' lang='lat' dir='ltr'><strong><em>(i.</em></strong></span> <span class='ocrx_word' id='word_1_379' title='bbox 1257 4850 1285 4894; x_wconf 89' lang='lat' dir='ltr'>e.</span> <span class='ocrx_word' id='word_1_380' title='bbox 1300 4856 1361 4914; x_wconf 81' lang='grc' dir='ltr'><strong><em>κεψ.</em></strong></span> <span class='ocrx_word' id='word_1_381' title='bbox 1375 4826 1408 4916; x_wconf 76' lang='grc' dir='ltr'><strong><em>τ’)</em></strong></span> <span class='ocrx_word' id='word_1_382' title='bbox 1426 4831 1626 4916; x_wconf 87' lang='lat' dir='ltr'>praeposito,</span> <span class='ocrx_word' id='word_1_383' title='bbox 1650 4829 1806 4916; x_wconf 85' lang='lat' dir='ltr'>scriptum</span> <span class='ocrx_word' id='word_1_384' title='bbox 1821 4838 1872 4894; x_wconf 90' lang='lat' dir='ltr'>est</span> <span class='ocrx_word' id='word_1_385' title='bbox 1884 4828 1959 4894; x_wconf 89' lang='lat' dir='ltr'>Joh.</span> <span class='ocrx_word' id='word_1_386' title='bbox 1975 4829 2005 4913; x_wconf 81' lang='lat'><strong><em>8,</em></strong></span> 
     </span>
     <span class='ocr_line' id='line_1_34' title="bbox 360 4955 2006 5044; baseline 0 -20"><span class='ocrx_word' id='word_1_387' title='bbox 360 4960 476 5024; x_wconf 75' lang='lat'>3—11.</span> <span class='ocrx_word' id='word_1_388' title='bbox 515 4958 632 5044; x_wconf 78' lang='grc' dir='ltr'><strong><em>Ἀγονστ</em></strong></span> <span class='ocrx_word' id='word_1_389' title='bbox 652 4955 682 5022; x_wconf 75' lang='grc' dir='ltr'><strong><em>δὲ</em></strong></span> <span class='ocrx_word' id='word_1_390' title='bbox 704 4979 807 5044; x_wconf 81' lang='lat' dir='ltr'>usque</span> <span class='ocrx_word' id='word_1_391' title='bbox 830 4957 983 5043; x_wconf 81' lang='grc' dir='ltr'><strong><em>ἁμάρτανε,</em></strong></span> <span class='ocrx_word' id='word_1_392' title='bbox 1005 4957 1117 5024; x_wconf 80' lang='lat' dir='ltr'>additu</span> <span class='ocrx_word' id='word_1_393' title='bbox 1139 4956 1201 5022; x_wconf 78' lang='lat' dir='ltr'>hae</span> <span class='ocrx_word' id='word_1_394' title='bbox 1222 4955 1475 5043; x_wconf 78' lang='lat' dir='ltr'>subscriptione:</span> <span class='ocrx_word' id='word_1_395' title='bbox 1498 4955 1531 5024; x_wconf 83' lang='grc' dir='ltr'><strong><em>τὸ</em></strong></span> <span class='ocrx_word' id='word_1_396' title='bbox 1554 4982 1616 5022; x_wconf 90' lang='grc' dir='ltr'><strong><em>κατ.</em></strong></span> <span class='ocrx_word' id='word_1_397' title='bbox 1633 4955 1694 5022; x_wconf 84' lang='grc' dir='ltr'><strong><em>Ἰω.</em></strong></span> <span class='ocrx_word' id='word_1_398' title='bbox 1714 4955 1759 5042; x_wconf 85' lang='grc' dir='ltr'><strong><em>άγ.</em></strong></span> <span class='ocrx_word' id='word_1_399' title='bbox 1777 4957 1868 5044; x_wconf 83' lang='grc' dir='ltr'><strong><em>εόαγγ.</em></strong></span> <span class='ocrx_word' id='word_1_400' title='bbox 1888 4957 2006 5042; x_wconf 76' lang='grc' dir='ltr'><strong><em>ἐξεδόθη</em></strong></span> 
     </span>
     <span class='ocr_line' id='line_1_35' title="bbox 360 5081 2004 5172; baseline -0.004 -18"><span class='ocrx_word' id='word_1_401' title='bbox 360 5088 430 5172; x_wconf 84' lang='grc' dir='ltr'><strong><em>μετά</em></strong></span> <span class='ocrx_word' id='word_1_402' title='bbox 448 5087 564 5172; x_wconf 85' lang='grc' dir='ltr'><strong><em>χρόνους</em></strong></span> <span class='ocrx_word' id='word_1_403' title='bbox 581 5092 624 5171; x_wconf 64' lang='lat' dir='ltr'><strong><em>tp*</em></strong></span> <span class='ocrx_word' id='word_1_404' title='bbox 637 5089 687 5170; x_wconf 80' lang='grc' dir='ltr'><strong><em>τῆς</em></strong></span> <span class='ocrx_word' id='word_1_405' title='bbox 699 5089 749 5152; x_wconf 78' lang='grc' dir='ltr'><strong><em>τοῦ</em></strong></span> <span class='ocrx_word' id='word_1_406' title='bbox 763 5092 820 5169; x_wconf 90' lang='grc' dir='ltr'><strong><em>Χρ.</em></strong></span> <span class='ocrx_word' id='word_1_407' title='bbox 840 5083 1009 5170; x_wconf 73' lang='grc' dir='ltr'><strong><em>ἀναλήψεως</em></strong></span> <span class='ocrx_word' id='word_1_408' title='bbox 1023 5082 1068 5150; x_wconf 76' lang='grc' dir='ltr'><strong><em>ἐντὶ</em></strong></span> <span class='ocrx_word' id='word_1_409' title='bbox 1082 5089 1262 5169; x_wconf 80' lang='grc' dir='ltr'><strong><em>Δομετιανοῦ.</em></strong></span> <span class='ocrx_word' id='word_1_410' title='bbox 1304 5083 1367 5149; x_wconf 84' lang='lat' dir='ltr'><strong><em>His</em></strong></span> <span class='ocrx_word' id='word_1_411' title='bbox 1382 5105 1462 5149; x_wconf 86' lang='lat' dir='ltr'>vero</span> <span class='ocrx_word' id='word_1_412' title='bbox 1478 5081 1627 5148; x_wconf 89' lang='lat' dir='ltr'>omnibus</span> <span class='ocrx_word' id='word_1_413' title='bbox 1641 5083 1748 5171; x_wconf 86' lang='lat' dir='ltr'>prima</span> <span class='ocrx_word' id='word_1_414' title='bbox 1760 5106 1859 5149; x_wconf 89' lang='lat' dir='ltr'>manu</span> <span class='ocrx_word' id='word_1_415' title='bbox 1874 5085 2004 5172; x_wconf 84' lang='lat' dir='ltr'>seriptis</span> 
     </span>
     <span class='ocr_line' id='line_1_36' title="bbox 359 5206 2002 5300; baseline 0 -21"><span class='ocrx_word' id='word_1_416' title='bbox 359 5215 546 5300; x_wconf 82' lang='lat' dir='ltr'>praeposita</span> <span class='ocrx_word' id='word_1_417' title='bbox 561 5221 636 5278; x_wconf 89' lang='lat' dir='ltr'>sunt</span> <span class='ocrx_word' id='word_1_418' title='bbox 650 5210 729 5277; x_wconf 88' lang='lat' dir='ltr'>folio</span> <span class='ocrx_word' id='word_1_419' title='bbox 745 5233 784 5276; x_wconf 89' lang='lat' dir='ltr'>eo</span> <span class='ocrx_word' id='word_1_420' title='bbox 800 5209 889 5297; x_wconf 89' lang='lat' dir='ltr'>qnod</span> <span class='ocrx_word' id='word_1_421' title='bbox 902 5209 1071 5298; x_wconf 85' lang='lat' dir='ltr'>praecedit</span> <span class='ocrx_word' id='word_1_422' title='bbox 1085 5210 1187 5276; x_wconf 75' lang='lat' dir='ltr'>altera</span> <span class='ocrx_word' id='word_1_423' title='bbox 1201 5233 1299 5276; x_wconf 86' lang='lat' dir='ltr'>manu</span> <span class='ocrx_word' id='word_1_424' title='bbox 1311 5211 1334 5276; x_wconf 89' lang='lat' dir='ltr'><strong>J</strong></span> <span class='ocrx_word' id='word_1_425' title='bbox 1336 5210 1388 5276; x_wconf 91' lang='lat' dir='ltr'><strong><em>oh.</em></strong></span> <span class='ocrx_word' id='word_1_426' title='bbox 1405 5211 1433 5293; x_wconf 82' lang='lat'><strong><em>7,</em></strong></span> <span class='ocrx_word' id='word_1_427' title='bbox 1449 5209 1563 5292; x_wconf 85' lang='lat'><strong>53-8,</strong></span> <span class='ocrx_word' id='word_1_428' title='bbox 1579 5209 1609 5274; x_wconf 83' lang='lat'><strong><em>2.</em></strong></span> <span class='ocrx_word' id='word_1_429' title='bbox 1626 5206 1675 5295; x_wconf 90' lang='lat' dir='ltr'><strong><em>(in</em></strong></span> <span class='ocrx_word' id='word_1_430' title='bbox 1688 5211 1835 5296; x_wconf 83' lang='lat' dir='ltr'>margine</span> <span class='ocrx_word' id='word_1_431' title='bbox 1850 5212 1909 5279; x_wconf 78' lang='grc' dir='ltr'><strong><em>ἰδοὺ</em></strong></span> <span class='ocrx_word' id='word_1_432' title='bbox 1921 5206 2002 5297; x_wconf 66' lang='grc' dir='ltr'><strong><em>οἶδε’)</em></strong></span> 
     </span>
     <span class='ocr_line' id='line_1_37' title="bbox 360 5335 2004 5426; baseline -0.001 -20"><span class='ocrx_word' id='word_1_433' title='bbox 360 5340 423 5407; x_wconf 79' lang='grc' dir='ltr'><strong><em>Καὶ</em></strong></span> <span class='ocrx_word' id='word_1_434' title='bbox 442 5341 581 5426; x_wconf 78' lang='grc' dir='ltr'><strong><em>ἐνορεέθη</em></strong></span> <span class='ocrx_word' id='word_1_435' title='bbox 599 5360 703 5426; x_wconf 81' lang='lat' dir='ltr'>usque</span> <span class='ocrx_word' id='word_1_436' title='bbox 723 5338 787 5404; x_wconf 79' lang='grc' dir='ltr'><strong><em>ἐδίδ.</em></strong></span> <span class='ocrx_word' id='word_1_437' title='bbox 806 5338 913 5413; x_wconf 79' lang='grc' dir='ltr'><strong><em>οέτοές.</em></strong></span> <span class='ocrx_word' id='word_1_438' title='bbox 956 5335 1079 5403; x_wconf 93' lang='lat' dir='ltr'>Ultimo</span> <span class='ocrx_word' id='word_1_439' title='bbox 1099 5337 1239 5425; x_wconf 87' lang='lat' dir='ltr'>denique</span> <span class='ocrx_word' id='word_1_440' title='bbox 1259 5337 1337 5403; x_wconf 86' lang='lat' dir='ltr'>folio</span> <span class='ocrx_word' id='word_1_441' title='bbox 1357 5337 1476 5422; x_wconf 82' lang='lat' dir='ltr'>legitur</span> <span class='ocrx_word' id='word_1_442' title='bbox 1494 5339 1721 5422; x_wconf 77' lang='grc' dir='ltr'><strong><em>ααροσημειωσος</em></strong></span> <span class='ocrx_word' id='word_1_443' title='bbox 1734 5341 1784 5404; x_wconf 77' lang='grc' dir='ltr'><strong><em>τοῦ</em></strong></span> <span class='ocrx_word' id='word_1_444' title='bbox 1799 5336 1843 5422; x_wconf 83' lang='grc' dir='ltr'><strong><em>άγ.</em></strong></span> <span class='ocrx_word' id='word_1_445' title='bbox 1858 5339 2004 5422; x_wconf 64' lang='lat' dir='ltr'>inmorata</span> 
     </span>
    </p>
   </div>
   <div class='ocr_carea' id='block_1_3' title="bbox 360 5461 2002 5632">
    <p class='ocr_par' dir='ltr' id='par_1_20' title="bbox 360 5461 2002 5632">
     <span class='ocr_line' id='line_1_38' title="bbox 360 5461 2002 5552; baseline -0.002 -19"><span class='ocrx_word' id='word_1_446' title='bbox 360 5471 421 5552; x_wconf 79' lang='grc' dir='ltr'><strong><em>περὶ</em></strong></span> <span class='ocrx_word' id='word_1_447' title='bbox 435 5473 492 5534; x_wconf 72' lang='grc' dir='ltr'><strong><em>τοῖν</em></strong></span> <span class='ocrx_word' id='word_1_448' title='bbox 505 5467 649 5551; x_wconf 86' lang='grc' dir='ltr'><strong><em>τεσσάρων</em></strong></span> <span class='ocrx_word' id='word_1_449' title='bbox 663 5466 768 5551; x_wconf 77' lang='grc' dir='ltr'><strong><em>εὐαγγ,</em></strong></span> <span class='ocrx_word' id='word_1_450' title='bbox 790 5487 871 5552; x_wconf 81' lang='lat' dir='ltr'>quae</span> <span class='ocrx_word' id='word_1_451' title='bbox 888 5465 935 5529; x_wconf 86' lang='lat' dir='ltr'>sie</span> <span class='ocrx_word' id='word_1_452' title='bbox 950 5462 1065 5530; x_wconf 87' lang='lat' dir='ltr'>habet:</span> <span class='ocrx_word' id='word_1_453' title='bbox 1088 5467 1163 5532; x_wconf 80' lang='grc' dir='ltr'><strong><em>Εέντέ</em></strong></span> <span class='ocrx_word' id='word_1_454' title='bbox 1173 5494 1219 5548; x_wconf 83' lang='grc' dir='ltr'><strong><em>μοι</em></strong></span> <span class='ocrx_word' id='word_1_455' title='bbox 1231 5465 1268 5530; x_wconf 81' lang='grc' dir='ltr'><strong><em>τά</em></strong></span> <span class='ocrx_word' id='word_1_456' title='bbox 1283 5472 1307 5530; x_wconf 78' lang='grc' dir='ltr'><strong><em>δ</em></strong></span> <span class='ocrx_word' id='word_1_457' title='bbox 1323 5465 1465 5550; x_wconf 62' lang='grc' dir='ltr'><strong><em>εὐαγγέλια</em></strong></span> <span class='ocrx_word' id='word_1_458' title='bbox 1478 5469 1533 5530; x_wconf 80' lang='grc' dir='ltr'><strong><em>σοῦ</em></strong></span> <span class='ocrx_word' id='word_1_459' title='bbox 1547 5463 1717 5550; x_wconf 80' lang='grc' dir='ltr'><strong><em>ἐγράφησαν,</em></strong></span> <span class='ocrx_word' id='word_1_460' title='bbox 1731 5461 1780 5530; x_wconf 74' lang='grc' dir='ltr'><strong><em>καὶ</em></strong></span> <span class='ocrx_word' id='word_1_461' title='bbox 1792 5467 1835 5538; x_wconf 82' lang='grc' dir='ltr'><strong><em>τίς</em></strong></span> <span class='ocrx_word' id='word_1_462' title='bbox 1848 5463 1864 5530; x_wconf 87' lang='grc' dir='ltr'><strong>ὁ</strong></span> <span class='ocrx_word' id='word_1_463' title='bbox 1878 5465 2002 5549; x_wconf 85' lang='grc' dir='ltr'><strong><em>γράψας,</em></strong></span> 
     </span>
     <span class='ocr_line' id='line_1_39' title="bbox 1666 5585 1701 5632; baseline 0 -23"><span class='ocrx_word' id='word_1_464' title='bbox 1666 5585 1701 5632; x_wconf 75' lang='lat' dir='ltr'><strong><em>l·</em></strong></span> 
     </span>
    </p>
   </div>
   <div class='ocr_carea' id='block_1_4' title="bbox 0 0 2626 6618">
    <p class='ocr_par' dir='ltr' id='par_1_21' title="bbox 0 0 2626 6618">
     <span class='ocr_line' id='line_1_40' title="bbox 0 0 2626 6618; baseline 0 0"><span class='ocrx_word' id='word_1_465' title='bbox 0 0 2626 6618; x_wconf 95' lang='lat' dir='ltr'><strong><em> </em></strong></span> 
     </span>
    </p>
   </div>
  </div>
 </body>
</html>
