5284 6620
620 709 682 774 130

616 915 666 998 τὴν
681 913 772 996 κάρον
785 910 834 976 καί
847 911 880 978 τὸ
894 913 1002 996 γένειον,
1018 911 1158 996 εόποίγονν,
1173 908 1346 995 μακρόρενος,
1358 911 1502 996 σίννυφρυς,
1515 913 1740 998 ἁνακαθήμενος,
1751 913 1891 996 φρόνιμος,
1904 911 2043 995 ὀξίνχολος,
2054 910 2262 996 εὐμετάβλητος,

617 1039 719 1115 δειλός,
733 1039 923 1124 φθεγγόμενος
936 1037 991 1106 ini
1006 1039 1162 1122 πνεύματος
1177 1037 1264 1123 ἁγίου.

722 1167 805 1231 Item
815 1167 932 1232 Ποόλου
942 1165 1109 1234 ἀποστόλου.
1126 1165 1160 1232 Ὁ
1175 1165 1205 1230 di
1218 1166 1377 1240 ἀπόστολος
1385 1171 1503 1240 Παῦλος
1516 1159 1549 1250 ἢν
1563 1171 1598 1249 νῆ
1612 1167 1687 1251 ridie
1701 1168 1861 1251 κονὸοευὰἡς,
1876 1167 2083 1251 μκρομεγίθρς,
2099 1165 2261 1247 domabas,

617 1295 701 1377 ψιλὸς
714 1299 749 1376 νῇ
763 1298 882 1376 κεφαλῇ,
899 1294 1048 1378 ἁγγυλαῖος
1061 1305 1125 1368 ναῖς
1138 1293 1265 1377 κνήμας,
1284 1292 1443 1377 μιξοπόλιος
1457 1293 1506 1378 τὴν
1520 1289 1611 1378 κάραν
1624 1291 1672 1360 καί
1686 1293 1720 1360 νίν
1734 1296 1847 1378 γένειον,
1866 1294 1944 1378 εὖρός
1960 1289 2046 1378 (cod.
2062 1289 2180 1379 εἰροῖς),
2199 1291 2263 1356 ν’νπό-

618 1427 748 1504 γλαυκος,
766 1419 916 1503 οόνοφρυς,
935 1421 1110 1504 λενκόχρους,
1130 1420 1407 1504 ἀνθηροπρόσωπος,
1427 1420 1572 1506 εὖποίγονν,
1587 1421 1733 1495 rictrude,
1747 1420 1926 1506 inoysiaim
1941 1423 2011 1506 ἔχων
2025 1419 2075 1486 τόν
2088 1423 2263 1503 χαρακτῆρα,

618 1548 758 1632 φρόνιμος,
774 1547 881 1631 ἠθικός,
897 1547 1027 1630 εὐόμιλος,
1043 1548 1147 1632 γλυκός,
1162 1547 1276 1630 χάρινος
1290 1547 1402 1630 πλήρης,
1417 1546 1472 1614 ὑπὸ
1487 1548 1643 1631 πνεύμονος
1658 1547 1739 1632 ἁγίου
1754 1549 2017 1634 ἐνθουσιαζόμενοςι

724 1674 911 1760 Sequuntur
925 1675 1069 1750 Αιονίνσνος
1084 1669 1107 1758 (¹
1103 1682 1153 1739 Ην
1167 1673 1183 1740 ὁ
1197 1673 1335 1758 μακάριος
1348 1675 1493 1748 Διονύσιος
1506 1675 1556 1741 νόν
1574 1675 1732 1759 σωματοεὰν
1751 1675 1837 1740 τόπον
1855 1674 1888 1740 πὸ
1906 1675 2026 1758 μέγεθος
2043 1675 2140 1756 μέσος,
2164 1673 2265 1756 ἰσχνός,

618 1803 725 1876 λευκός,
744 1801 885 1888 ἵπωχρος,
904 1801 1037 1884 ἁπόσιμος
1051 1800 1100 1885 τὴν
1115 1808 1192 1884 ῥῖνα,
1211 1812 1275 1874 τοῖς
1288 1801 1403 1884 ὀφρύσιν
1418 1801 1636 1886 ἁναοποσμελος
1651 1799 1742 1885 eto),
1764 1807 1814 1868 νοῦ
1828 1800 1908 1884 ἁγίου
1923 1807 1954 1864 Γ
1950 1804 2076 1885 ργγορίου
2090 1807 2126 1866 Ν
2125 1803 2265 1876 αζιανζοῦ,

618 1934 668 1996 τοῦ
683 1929 763 2013 ἁγίου
773 1932 925 1994 Βασίλειον
936 1931 1156 2001 Καππαδοκίας,
1173 1933 1204 1992 Γ
1200 1931 1327 2012 ρηγορίου
1341 1928 1467 2012 Νόσσης,
1481 1929 1661 1995 Ἀθανοοίου
1673 1929 1894 2012 Ἀλεξανδρείας,
1907 1927 2038 1994 Ἰωάννου
2053 1927 2266 2010 Χρυσοσνόμου,

620 2058 759 2138 Κυριλλου
771 2057 995 2139 Ἀλεξανδρείας,
1013 2055 1154 2138 Κορίλλου
1166 2053 1373 2138 Ἰεροσολύμων,
1393 2055 1558 2122 simonior
1570 2055 1754 2140 Ἀντιοχειάς,
1773 2060 1823 2120 τοῦ
1837 2054 1917 2140 ἁγίου
1935 2057 2094 2138 Ταραοίου,
2116 2059 2165 2119 τοῦ
2185 2053 2265 2136 ἁγίου

620 2183 785 2266 Νικηφόρον
802 2182 1133 2255 Κωνσπαννινουπόλεως.

1413 2409 1471 2475 ΧΙ.

727 2562 841 2628 Codex
860 2563 1001 2627 Actuum
1021 2561 1269 2650 Apostolorum,
1293 2562 1334 2628 de
1355 2584 1418 2648 quo
1440 2585 1540 2649 supra
1558 2561 1696 2627 relatum
1716 2571 1766 2626 est
1784 2585 1859 2649 pag.
1874 2562 1896 2627 5
1911 2573 1944 2627 et
1959 2585 2026 2648 seq.
2043 2583 2130 2627 num.
2148 2559 2219 2624 VII.
2228 2558 2265 2646 ¹),

618 2701 711 2757 textu
730 2690 783 2754 iile
803 2689 933 2776 quidem
952 2699 1124 2776 praestans
1146 2713 1219 2754 cum
1238 2690 1472 2776 antiquissimis
1493 2688 1660 2755 codicibus
1680 2691 1801 2754 nostris
1820 2691 1938 2756 mirum
1953 2691 1987 2756 in
2001 2688 2133 2754 modum
2150 2710 2266 2752 eonve-

619 2821 737 2900 nientc‚
752 2819 938 2904 nuperrime
953 2817 1082 2882 transiit
1096 2816 1139 2882 ad
1153 2815 1324 2882 thesauros
1340 2813 1446 2881 Musei
1457 2817 1648 2882 Britannici.
1680 2814 1819 2882 Gratum
1833 2819 1950 2882 facturi
1965 2814 2060 2882 nobis
2076 2815 2267 2882 videbamur

618 2946 698 3010 viris
720 2945 769 3008 rei
787 2945 872 3009 Novi
895 2944 1097 3008 Testamenti
1120 2944 1252 3008 criticae
1276 2941 1430 3007 studiosis
1454 2942 1680 3008 adscribendis
1702 2942 1765 3009 hoc
1787 2945 1860 3030 ipso
1882 2943 1955 3010 Ioco
1978 2943 2172 3008 lectionibus
2196 2944 2266 3008 eius

620 3071 743 3137 codicis
760 3071 910 3136 omnibus
927 3070 1043 3158 quibus
1058 3071 1092 3135 in
1111 3093 1146 3136 re
1169 3071 1281 3134 critica
1300 3068 1423 3156 aliquid
1442 3072 1598 3134 momenti
1617 3081 1714 3134 esset.
1752 3071 1941 3158 Scripturas
1963 3072 2128 3158 specimen
2149 3093 2170 3136 a
2192 3069 2265 3134 sub·

621 3200 797 3286 scriptione
813 3199 1019 3285 desumptum
1034 3196 1240 3262 exhibuimus
1256 3195 1367 3262 tabula
1381 3196 1442 3262 III.
1457 3221 1544 3262 num.
1561 3197 1652 3262 VIII.

786 3375 857 3440 nn.
1183 3372 1264 3439 ooo.
1624 3333 1695 3439 'nn
2026 3375 2107 3441 ooo.

704 3503 731 3568 Ι.
1462 3505 1509 3566 ll.
1526 3505 1604 3569 είπον
1865 3505 1947 3568 εἶπαν

644 3633 671 3694 l.
688 3631 704 3698 ὁ
719 3632 823 3714 Ἰησοῦς
1026 3630 1197 3694 confirmat
1526 3631 1705 3715 ε’μβλεποντες
1864 3631 2011 3714 βλέποντες

641 3760 671 3822 3.
686 3759 899 3842 τεσσαράκοντα
1025 3756 1230 3839 τεσσεράκοντα
1462 3755 1509 3818 13.
1527 3756 1602 3841 rivis.
1617 3757 1656 3829 είς
1669 3756 1702 3822 τὸ
1716 3755 1792 3840 άπερ.
1861 3759 1900 3830 εἰς
1913 3757 1946 3822 τὸ
1960 3756 2036 3840 άπερ.
2052 3758 2125 3842 ἁνίῤ.

640 3887 670 3950 4.
686 3885 803 3970 παρήγγ.
820 3886 915 3958 αὐτοῖς
1025 3883 1194 3948 confirmat
1524 3884 1632 3968 Ἰάκωβ.
1647 3879 1694 3946 καί
1708 3883 1814 3948 'lucisv-
1861 3883 1967 3950 Ἰωάνν.
1983 3882 2030 3949 καὶ
2043 3885 2151 3966 Ἰάκωβ.

641 4013 670 4076 5.
686 4021 824 4098 dominii.
840 4013 868 4076 ἐν
883 4013 976 4094 πνεάμ
1025 4013 1054 4076 ἐν
1068 4012 1162 4094 πνεόμ.
1177 4019 1315 4095 βοππυσθ.
1460 4009 1509 4074 14.
1525 4009 1573 4076 καί.
1586 4015 1620 4092 τῇ
1636 4006 1722 4092 δεήσει
1867 4012 1984 4074 omittit

609 4175 612 4188 ·
641 4139 671 4202 6.
688 4139 837 4222 ε’πνγροίνονν
1025 4139 1194 4204 confirmat
1527 4139 1631 4221 Μαρία
1867 4139 1991 4221 Μαριάμ

643 4267 671 4330 I.
686 4268 744 4333 εἶπε
759 4263 789 4329 δὲ
1026 4263 1131 4350 duest)
1148 4263 1178 4329 di
1526 4263 1574 4329 καί
1588 4265 1638 4331 σὺν
1652 4277 1711 4338 τοῖς
1866 4264 2037 4329 confirmat

642 4393 670 4454 8.
686 4419 733 4475 μοι
1026 4391 1195 4454 confirmat
1462 4392 1510 4455 15.
1528 4390 1575 4456 καὶ
1588 4393 1616 4456 ἐν
1866 4391 2037 4456 confirmat

687 4515 735 4583 καί
749 4519 777 4582 ἐν
791 4518 869 4600 ποίογ
1025 4515 1073 4582 καί
1087 4518 1164 4600 πὰσγ
1173 4515 1197 4604 ³)
1525 4523 1666 4602 μαθητῶν
1866 4519 2036 4583 coufirmat

623 4645 670 4707 10.
687 4646 787 4728 ἐσθῆτι
799 4649 879 4726 λευκῇ
1026 4645 1166 4710 ἕσθίσεσιν
1180 4650 1289 4718 λευκαῖς
1294 4643 1320 4728 ⁴)
1530 4639 1606 4730 ipre
1866 4645 2038 4709 confirmat

674 4825 691 4882 ¹)
708 4818 754 4874 Ibi
770 4820 798 4872 in
817 4835 851 4872 eo
871 4825 993 4872 erratum
1012 4825 1057 4872 est
1076 4819 1153 4888 quod
1175 4835 1257 4871 versu
1278 4819 1405 4872 secundo
1530 4823 1551 4880 ³)
1564 4819 1597 4872 In
1611 4819 1710 4874 codice
1724 4827 1768 4874 est
1779 4821 1862 4890 πόση,
1874 4839 1931 4876 non
1944 4819 2025 4892 πάσῃ.
2044 4819 2152 4874 Eadem
2161 4819 2270 4873 codicis

619 4906 643 4971 6,
657 4905 696 4958 17.
713 4921 765 4972 pro
782 4903 806 4972 7,
819 4903 859 4957 17.
879 4902 1016 4973 seriptum
1034 4909 1085 4957 est.
1115 4903 1281 4970 Praeterea,
1300 4909 1333 4956 ut
1349 4902 1406 4956 iam
1479 4903 1552 4956 ratio
1565 4904 1672 4976 ubique
1692 4912 1748 4972 est3
1767 4905 1829 4961 iota
1845 4905 1919 4960 enim
1935 4923 1990 4960 nec
2009 4903 2200 4974 subscriptum
2216 4921 2271 4958 nec

619 4990 776 5042 indicatum
794 4993 851 5056 est,
870 4988 899 5041 in
917 4987 1079 5042 exhibenda
1097 4987 1306 5056 subscriptione
1323 4987 1407 5057 plura
1479 4988 1654 5056 adscriptum
1667 4987 1763 5046 habet
1865 4995 1869 5002 '

621 5079 749 5128 correcta
762 5073 906 5140 dedimus,
920 5077 952 5126 ut
963 5077 1211 5140 πνενματυενυοε
1223 5089 1275 5142 oro
1288 5092 1406 5142 πνευινν
1529 5094 1549 5152 υ
1562 5090 1761 5144 irrorante
1774 5091 1871 5144 codex.
1895 5089 2272 5146 Desimffibusvitiisinim

619 5165 769 5220 τοεείνετοε,
786 5157 843 5227 opst
858 5174 910 5228 pro
928 5161 996 5228 upa,
1013 5156 1080 5224 atim
1091 5173 1143 5227 pro
1156 5158 1236 5224 αὕτη,
1245 5142 1343 5224 ’Ῑαοώβ
1354 5175 1406 5226 1)ῑο
1480 5175 1642 5228 summatim
1656 5175 1852 5245 explicabitur.
1878 5173 1938 5231 Neo
1951 5177 2025 5231 enim
2036 5177 2065 5230 in
2076 5175 2160 5228 variis
2172 5175 2270 5230 iectio-

617 5243 720 5308 Ἱακῶί·
739 5240 868 5312 (lodoveo
886 5243 959 5297 ⁰¹⁸¹ss
978 5243 1345 5312 0¹Pf²⁸⁸1¹¹¹¹0⁸tiff⁰7⁰ib
1364 5241 1407 5296 Μ
1481 5258 1565 5312 nibus
1579 5259 1673 5315 locum
1686 5259 1833 5314 habebunt
1845 5259 1900 5313 nisi
1913 5277 1987 5332 quae
2000 5261 2028 5314 in
2043 5261 2137 5315 verbis
2152 5267 2272 5330 propter

620 5347 671 5398 1³1⁰
685 5331 737 5381 ὕεα·
1481 5343 1566 5398 altam
1580 5360 1710 5398 caussam
1723 5345 1882 5400 referendis
1894 5345 2084 5400 inveniuntur.

671 5415 691 5474 Ξ)
704 5412 774 5464 εἶπεν
787 5415 825 5474 δέ,
837 5429 895 5466 non
908 5411 961 5464 εἶπε
975 5415 1010 5481 oi,
1024 5413 1053 5466 in
1066 5411 1166 5466 codice
1179 5417 1229 5465 ost.
1253 5411 1316 5465 Hac
1330 5411 1365 5466 de
1378 5427 1409 5464 re

620 5496 780 5552 summatim
793 5496 868 5551 inira
881 5496 1000 5552 dicetur.
