5244 6618
594 705 641 769 44

599 913 650 974 τοῦ
662 909 851 994 χρυσοστόμου
864 910 903 982 είς
916 907 949 974 τὸ
965 909 1067 992 ἔνδυμα
1080 913 1130 975 τοῦ
1144 911 1251 992 leprico:
1271 913 1321 975 τοῦ
1336 907 1416 993 ἁγίου
1430 909 1576 994 ἐπιφανίοο
1589 906 1652 993 πιρλ
1666 914 1723 974 τοῖν
1736 910 1828 974 λίθων
1844 914 1899 975 τῶν
1914 910 1942 975 ἐν
1956 915 1996 991 τῷ
2010 910 2082 994 λόγῳ
2098 905 2245 996 (λογείῳλ)

599 1041 649 1102 τοῦ
663 1037 756 1120 λερίως
770 1036 987 1120 ἐμπεπηγμένον.

708 1158 798 1226 Ood
819 1161 947 1228 Tisch.
967 1163 1026 1228 IX.
1072 1159 1211 1228 Constat
1231 1163 1333 1228 variis
1354 1161 1502 1250 partibus
1525 1161 1719 1245 chartaceis,
1748 1185 1885 1249 quarum
1905 1163 2012 1251 prima
2034 1163 2156 1228 saeculi
2177 1165 2246 1229 fere

601 1289 707 1374 quarti
722 1287 774 1354 vel
789 1290 892 1376 quinti
907 1289 1026 1355 decimi
1040 1299 1099 1374 est,
1115 1289 1260 1378 reliquae
1274 1291 1474 1356 recentiores
1491 1300 1576 1356 sunt.

704 1414 749 1480 A:
773 1415 852 1481 folia
867 1417 908 1482 14
925 1418 959 1482 in
977 1419 1030 1502 4⁰,
1053 1441 1152 1482 manu
1168 1416 1296 1482 Graeca
1315 1416 1482 1503 eleganter
1500 1417 1624 1504 scripta
1643 1415 1774 1482 saeculo
1791 1417 1832 1480 14
1850 1415 1903 1482 vel
1923 1417 1972 1482 15.
2016 1419 2107 1484 Inest
2120 1421 2247 1504 integer

600 1545 742 1617 συνοδικός
758 1544 855 1628 τόμος,
874 1547 1057 1630 γεγραμμίνος
1075 1543 1120 1611 ἐπὶ
1139 1557 1203 1620 ταῖς
1221 1547 1412 1630 ε’ξιλεγξάσαις
1425 1543 1472 1610 καλ
1487 1546 1727 1631 ἀποβολλομίναις
1740 1544 1790 1629 τὴν
1803 1549 1854 1610 τοῦ
1867 1545 2014 1630 Βαρλιιολμ
2028 1531 2075 1611 κοιλ
2089 1547 2247 1613 Ἀκινδόνου

600 1673 759 1756 δνσσεβειαν
775 1667 861 1756 (cod.
877 1671 995 1758 δνςσίβ.)
1010 1673 1143 1757 μεγάλαις
1157 1674 1292 1748 συνόδοις·
1315 1673 1344 1737 ἐν
1358 1672 1404 1746 αίς
1418 1672 1467 1756 ούχ
1481 1671 1498 1756 ἡ
1513 1671 1642 1754 ἐιικλησία
1657 1677 1740 1738 πάσα
1753 1673 1837 1756 μόνον
1852 1673 1926 1738 ἀλλά
1940 1672 1987 1740 καί
2003 1673 2019 1757 ἡ
2034 1675 2182 1758 σύγκλητος
2195 1673 2244 1740 καλ

602 1799 629 1863 οἱ
642 1797 789 1866 καθολικολ
803 1805 935 1883 παρῆσαν
949 1805 1005 1865 τῶν
1016 1800 1162 1884 Ῥωμαίων
1176 1803 1275 1884 κριταί,
1289 1800 1506 1884 προκαθημένου
1520 1797 1568 1864 καλ
1592 1803 1641 1864 τοῦ
1664 1799 1816 1865 θειοτάτου
1837 1802 1981 1885 βασιλέως,
2005 1801 2058 1874 ἕως
2079 1795 2112 1866 οῦ
2133 1806 2244 1885 περιῆν·

599 1923 663 1989 Est
673 1933 780 1990 tomus
795 1925 848 1989 ille
865 1926 1041 2012 synodicus
1056 1929 1090 1992 in
1097 1927 1306 1993 Barlaamum
1321 1923 1568 2012 etAcindynum
1582 1925 1807 2013 promulgatus
1823 1926 2091 2012 menseAugnsto
2107 1951 2135 1992 a.
2154 1928 2245 2011 1341,

600 2053 693 2117 cuius
712 2054 908 2118 mentionem
928 2054 1006 2118 facit
1022 2052 1111 2120 Cave
1133 2055 1168 2119 in
1187 2053 1368 2142 appendice
1387 2052 1429 2118 ad
1444 2053 1594 2140 scriptor.
1611 2052 1727 2118 eccles.
1743 2053 1913 2118 historiam
1927 2077 2001 2141 pag.
2018 2055 2068 2118 64.
2085 2055 2245 2120 adnotans

600 2177 791 2244 Gretserum
809 2203 882 2246 eum
896 2189 1019 2246 tomum
1033 2183 1068 2246 in
1083 2181 1155 2247 cod.
1171 2205 1230 2246 ms.
1245 2180 1323 2246 bibl.
1338 2181 1551 2266 Augustanae
1566 2179 1689 2245 vidisse
1704 2203 1743 2246 ac
1757 2179 1947 2266 perlegisse.
1993 2181 2144 2247 Eundem
2159 2205 2245 2248 com·

597 2317 757 2372 memorat
771 2307 941 2372 Fabricius
961 2309 996 2372 in
1013 2307 1091 2374 bibl.
1110 2307 1226 2374 Graec.
1247 2317 1324 2373 tom.
1339 2307 1524 2395 X1.p.495
1539 2330 1586 2394 sq.
1603 2331 1645 2372 ex
1658 2307 1828 2372 Lambecii
1844 2311 2087 2372 commentariis
2103 2308 2144 2376 de
2165 2309 2243 2376 bibl.

601 2431 696 2498 Caes.
732 2433 815 2499 Item
833 2433 953 2520 legitur
971 2435 1005 2500 in
1025 2437 1097 2501 cod.
1114 2434 1221 2502 Oxon.
1236 2435 1341 2501 Laud.
1358 2435 1408 2500 87.
1425 2435 1505 2500 etin
1521 2432 1656 2500 Coirlin.
1672 2435 1723 2501 98.
1767 2433 1891 2500 Textus
1910 2436 2010 2518 igitur
2032 2438 2103 2523 ipsc
2121 2439 2245 2524 passim

597 2563 838 2648 manuscriptus
853 2561 999 2646 habetur,
1016 2561 1075 2628 sed
1089 2563 1233 2629 nondum
1248 2562 1354 2628 editus
1371 2571 1429 2627 ert.
1472 2559 1583 2626 Habet
1597 2569 1705 2626 autem
1719 2563 1753 2626 in
1768 2571 1880 2627 nostro
1897 2563 2027 2648 quidem
2043 2563 2156 2629 codice
2172 2567 2234 2630 sic:

662 2689 822 2764 Ἐπαινετὸς
846 2691 964 2775 ἀληθοῦς
991 2690 1007 2757 ὁ
1036 2689 1122 2756 είπιύν
1150 2689 1200 2775 τλγν
1221 2694 1388 2758 ταπείνωσιν

600 2816 739 2899 ἀληθείας
753 2817 822 2882 εἶναι
836 2817 988 2902 ἐπίγνωσιν.
1004 2815 1074 2901 αῦτη
1087 2818 1142 2902 γάρ
1154 2817 1201 2884 καλ
1213 2824 1270 2884 τῶν
1281 2820 1388 2885 οἰκείων

600 2945 707 3028 με’τροιν
726 2941 784 3008 ἐστλ
803 2946 974 3027 κατάληψις,
992 2944 1040 3010 καὶ
1058 2945 1089 3010 δι’
1111 2946 1196 3030 αὐτῆς
1210 2947 1259 3030 την
1272 2973 1303 3011 τε
1316 2946 1387 3030 πρὸς

599 3071 650 3138 τόν
671 3071 743 3138 θεὸν
765 3072 870 3155 εέρηνην
890 3069 938 3136 καὶ
960 3071 1009 3156 τὴν
1030 3071 1101 3156 πρὸς
1121 3071 1171 3138 τόν
1190 3077 1306 3158 πλησίον
1322 3101 1386 3157 καρ

602 3197 747 3280 πούμεθα·
770 3198 801 3262 δι’
826 3193 860 3282 ἧς
878 3192 964 3272 αὖθις
982 3197 1029 3263 καλ
1047 3199 1097 3283 τὴν
1116 3197 1162 3264 ἐπὶ
1179 3205 1229 3266 τοῦ
1246 3201 1387 3285 παρόντος

600 3323 648 3390 καλ
666 3325 716 3408 τὴν
733 3323 778 3390 ἐπλ
797 3330 846 3390 τοῦ
862 3326 1010 3408 μιλλοιτος
1023 3327 1125 3400 αιίῦνος
1139 3326 1298 3394 ἀνάπαυσιν
1312 3355 1386 3413 πορν

602 3452 711 3535 ζόμεθα
729 3452 803 3518 κατὰ
823 3452 871 3537 τίγν
890 3456 1047 3519 θεσπεσίαν
1068 3454 1170 3538 ἐκείνην
1187 3452 1235 3520 καλ
1253 3480 1386 3539 προτρεπ-

600 3579 675 3663 τικίγν
689 3581 728 3653 είς
741 3585 823 3646 τοῦτο
837 3585 886 3645 τοῦ
899 3583 992 3664 κυρίου
1005 3581 1100 3665 φωνήν
1116 3581 1240 3646 Μάθετε
1255 3583 1304 3648 ἀπ’
1321 3584 1386 3667 ἐμοῦ

600 3703 644 3772 ότι
661 3711 753 3792 πράος
769 3704 822 3790 είμλ
843 3702 919 3791 (sic)
940 3705 987 3772 καλ
1008 3708 1138 3783 ταπεινός
1152 3714 1186 3792 τῇ
1201 3712 1316 3794 καρδίᾳ,
1338 3710 1385 3776 καλ

600 3833 725 3918 εὑρήσετε
739 3833 898 3900 ἀνάπαυσιν
912 3845 975 3907 ταῖς
989 3847 1095 3921 ψυχαῖς
1109 3835 1193 3919 ύμοῦν.
1208 3835 1278 3921 αῦτη
1292 3841 1384 3904 πείθει

599 3960 648 4026 τόν
683 3962 843 4044 κεκτημένον
872 3963 963 4042 ἑαυτῷ
991 3960 1041 4046 μέν
1069 3965 1211 4048 προσίχειν
1241 3964 1288 4032 καλ
1323 3973 1385 4048 θεῷ

599 4089 787 4172 προσανέχειν,
805 4087 913 4162 παντὸς
931 4087 961 4153 δέ
978 4095 1066 4156 κακοῦ
1079 4095 1120 4171 τῴ
1135 4097 1184 4158 τοῦ
1199 4095 1291 4178 κυρίου
1305 4093 1385 4179 φόβῳ

600 4213 676 4280 κατά
690 4213 739 4279 τόν
753 4219 802 4280 τοῦ
821 4221 911 4298 σοφοῦ
923 4221 1109 4300 Σολομῶντος
1122 4219 1203 4304 λόγω
1218 4220 1384 4296 ἐκκλίνοντα,

598 4341 724 4426 εὐλαβῶς
744 4337 806 4424 περὶ
827 4340 864 4406 τά
878 4339 947 4426 ύπιλρ
961 4343 1061 4410 ἑαυτὸν
1075 4343 1122 4410 καλ
1136 4345 1289 4429 σωφρόνως
1305 4347 1381 4431 ἐχειν,

600 4465 665 4552 ίιρια
685 4469 815 4552 πατέρων
836 4467 937 4534 αιόύνια
953 4469 990 4553 μὴ
1007 4473 1183 4554 μεταιροντα,
1206 4471 1253 4538 καλ
1271 4473 1324 4548 τάς
1338 4475 1380 4558 ἐφ’

600 4595 720 4680 ἐκάτερα
733 4595 929 4679 παρατροπάς,
937 4594 1091 4681 ὑπερβολάς
1104 4623 1172 4681 φημι
1182 4597 1231 4664 καλ
1241 4601 1383 4684 ελλεύφεις,

600 4721 824 4806 ἀποτρεπόμενον
842 4721 892 4807 τλην
905 4722 1046 4808 βασιλικὴν
1064 4723 1164 4790 ὁδεύειν
1178 4724 1226 4792 καλ
1239 4730 1323 4812 μίσην
1337 4727 1384 4796 καλ

600 4849 672 4934 πρὸς
698 4848 832 4932 ούρανοῦς
857 4848 904 4916 καλ
929 4850 1000 4918 θεὸν
1020 4851 1155 4926 ἀπλανῶς
1175 4851 1224 4920 καλ
1247 4855 1385 4940 ἀσφαλοῦς

597 4977 745 5061 φίρονσαν.

655 5103 735 5168 ,Ἀλλ’
752 5102 768 5170 ό
783 5104 993 5190 ἐκΚαλιιβρίας
1006 5103 1163 5189 ὁρμώμενος
1176 5105 1384 5191 μοναχύςΒαρ-

598 5228 677 5314 λαάμ
702 5230 742 5304 είς
767 5227 799 5298 τό
825 5237 874 5315 τῆς
899 5230 1013 5316 οἰήσεως
1032 5233 1154 5318 πελαγος
1175 5234 1205 5311 ἐξ
1226 5233 1384 5318 ἀφροσύνης

598 5355 713 5432 πάντως
726 5355 773 5423 καλ
788 5359 979 5443 ἐδωρροθμίας
991 5357 1093 5434 καθεὶς
1106 5360 1219 5435 ἐαυτόν,
1243 5358 1290 5424 καλ
1303 5386 1384 5445 μεγα·

598 5488 710 5569 φρονοῦν
731 5483 776 5552 ἐπὶ
793 5490 827 5568 τη
845 5489 894 5569 τῆς
911 5485 1043 5570 θύραθεν
1062 5485 1194 5571 ἐπιστήμη
1207 5488 1384 5571 φιλοσοφίας,

1454 2687 1531 2754 κατά
1549 2695 1599 2772 τῆς
1616 2689 1772 2773 ὑπερφυοῦς
1789 2687 1837 2755 καλ
1856 2687 1945 2763 όντως
1963 2694 2132 2774 φιλοσοφίας
2146 2693 2244 2777 ἐχάρη-

1455 2841 1511 2892 σεν,
1535 2817 1753 2901 ἐπιστρατεύσας
1778 2822 1812 2900 τῇ
1831 2818 1997 2901 tametsi:
2017 2823 2067 2884 τοῦ
2088 2819 2244 2903 πνεύματος

1454 2941 1504 3027 τὴν
1521 2940 1590 3026 μηδὲ
1605 2954 1704 3027 χωρεῖν
1722 2941 1795 3018 ὅλως
1808 2943 1847 3009 τά
1860 2949 1910 3010 τοῦ
1923 2944 2080 3026 πνεύματος
2093 2948 2244 3030 δυναμελην

1452 3068 1573 3154 ψυχικὴν
1585 3068 1634 3136 καλ
1648 3071 1935 3154 ἀποδεδοκιμασμύην
1949 3074 2125 3156 φιλοσοφύιν.

1521 3195 1580 3262 Τόν
1593 3201 1780 3280 μαθητωῖντα
1794 3197 1849 3282 γάρ
1861 3193 1942 3273 ούτος
1954 3197 2115 3283 ὑποκριθείς
2126 3207 2243 3286 προσηλ-

1453 3325 1496 3388 θί
1508 3349 1576 3390 ποτε
1590 3323 1641 3390 σύν
1655 3325 1728 3406 δόλῳ
1742 3323 1797 3391 τισί
1818 3332 1875 3391 τῶν
1888 3325 1955 3408 παρ’
1971 3325 2033 3409 ἡμῖν
2054 3333 2193 3411 μοναχῶν,
2216 3331 2243 3395 οἳ

1453 3449 1503 3518 τόν
1532 3450 1643 3536 ἡσύχων
1670 3453 1846 3536 προελόμενοι
1868 3456 1946 3538 βίον,
1975 3465 2034 3526 τοῖς
2057 3453 2151 3528 ἀλλοις
2171 3461 2243 3522 πᾶσι

1452 3578 1558 3662 χαίρειν
1580 3579 1715 3654 εἰπόντες,
1740 3583 1804 3659 θεῷ
1825 3582 2038 3664 προσανιχουσι“
2067 3579 2115 3646 καλ
2136 3584 2242 3648 τούτων

1453 3703 1542 3770 οῦδενλ
1563 3703 1613 3790 μὲν
1634 3711 1692 3771 τιῦν
1713 3705 1942 3790 ἐλλογιμωτιρων,
1965 3718 2024 3781 τοῖς
2046 3707 2243 3793 ἀπλουστιροις

1453 3829 1609 3916 δὲμᾶλλον
1630 3833 1774 3916 ἐφοίτησεν
1796 3833 1959 3916 ἐξεπίτηδες,
1983 3836 2036 3899 διἰι
2056 3834 2171 3910 πάντως
2192 3842 2243 3902 τοῦ

1452 3959 1489 4043 μὴ
1517 3966 1702 4044 φωραθῆναι·
1731 3959 1803 4044 μετὰ
1830 3961 1926 4045 μικρὸν
1953 3963 2045 4044 μέντοι
2072 3961 2120 4028 καλ
2149 3964 2242 4030 αὐτῶν

1454 4087 1599 4162 ἀποστάς,
1630 4088 1823 4172 ἀποτρόπαιον
1852 4087 1998 4172 ἐγγράφως
2026 4089 2132 4156 τούτων
2161 4117 2242 4175 κατη-

1452 4214 1550 4300 γόρηκε
1570 4213 1699 4298 φρόνημα
1719 4213 1759 4288 ὡς
1777 4219 1865 4298 δῆθεν
1882 4214 1928 4282 ὑπ’
1950 4216 2044 4281 αύτιῦν
2062 4218 2240 4302 πρεσβευόμε-

1452 4369 1508 4408 νον.
1529 4341 1653 4416 ἀκοῦσας
1673 4341 1727 4426 γάρ
1742 4343 1850 4408 ἐκείνων
1864 4342 2007 4426 λεγόντων,
2022 4343 2062 4417 ἀς
2077 4345 2135 4412 ἀπὸ
2149 4372 2240 4430 παρα-

1452 4468 1556 4542 δόσεως
1571 4468 1690 4552 ἐχόντων
1704 4473 1761 4534 τοῦν
1776 4469 1864 4554 ἀγίων
1877 4471 2015 4554 πατέρων,
2030 4467 2073 4536 ότι
2087 4474 2113 4537 οἱ
2127 4473 2174 4538 διά
2184 4477 2242 4538 τῶν

1452 4596 1570 4662 ἐντολῶν
1592 4600 1642 4661 τοῦ
1661 4600 1733 4661 θεοῦ
1761 4598 1965 4682 κεκαθαρμένω
1987 4597 2040 4671 τοὶς
2061 4601 2179 4681 καρδίας
2201 4599 2241 4664 ἐλ-

1452 4723 1574 4806 λάμψεις
1594 4724 1679 4796 θείας
1698 4728 1835 4804 μυστικῶς
1855 4719 1904 4788 καλ
1927 4724 2093 4808 ἀπορρὴτως
2111 4725 2241 4809 ἐγγινομέ

1451 4876 1504 4923 νας
1525 4849 1625 4923 αύταῖς
1646 4849 1786 4934 δέχονται,
1808 4851 1994 4936 κατηγόρησεν
2015 4852 2109 4918 αἰτῶν
2130 4851 2170 4926 ὡς
2191 4852 2241 4937 την

1452 4976 1549 5043 ούσίαν
1568 4975 1654 5062 αὐτὴν
1671 4981 1721 5042 τοῦ
1734 4983 1806 5044 θεοῦ
1818 4977 1956 5062 μεθεκτην
1970 4979 2116 5064 λεγόντων·
2139 4985 2196 5045 τιύν
2211 4977 2241 5045 δέ

1452 5104 1693 5188 ἀπολογουμεύων,
1714 5104 1747 5171 οῦ
1767 5105 1817 5189 τὴν
1835 5105 1932 5172 αἰσίαν
1952 5105 2026 5171 ἀλλά
2044 5106 2094 5190 τὴν
2110 5107 2240 5172 ἀκτιστον

1451 5229 1500 5297 καλ
1533 5233 1621 5298 ἀίδιον
1649 5230 1697 5298 καλ
1725 5231 1861 5300 θεοποιόν
1886 5233 1968 5316 χάριν
1996 5239 2046 5298 τοῦ
2073 5234 2238 5318 πνεύματος,

1452 5361 1562 5434 διθείας
1588 5358 1683 5434 αὐτοῖς
1712 5359 1842 5426 ἐντεῦθεν
1863 5359 1982 5444 ἔγκλημα
2000 5363 2240 5446 προστρίψασθαι

1452 5485 1630 5570 ἐπεχείρησεν.
1676 5487 1719 5554 Ob
1736 5487 1796 5571 μην,
1822 5487 1895 5552 ἀλλὰ
1916 5485 1964 5553 καλ
1978 5489 2017 5563 είς
2030 5487 2080 5573 τὴν
2094 5489 2240 5572 ἐκκλησίαν
