5244 6618
621 739 661 804 10
1250 739 1430 802 CODICES
1455 737 1621 802 GRAECI.

619 941 750 1009 habeas.
795 941 878 1007 Sunt
898 939 978 1007 haec
1002 939 1152 1008 cassiam·
1175 963 1275 1027 opera
1296 943 1383 1008 circa
1404 941 1530 1006 initium
1553 936 1673 1006 saeculi
1695 940 1734 1006 V.
1758 940 1884 1008 Graece
1905 962 2019 1024 versa,
2049 937 2107 1006 sed
2130 936 2256 1004 Graeco

620 1091 770 1134 sermone
785 1068 928 1134 nondum
944 1068 1038 1134 edita.
1081 1068 1120 1133 In
1134 1065 1339 1134 bibliothecis
1354 1069 1478 1154 passim
1492 1069 1712 1156 manuscripta
1727 1067 1894 1135 habentur.

1402 1465 1477 1547 XI.

725 1696 820 1762 Folia
846 1693 1094 1760 membranacea
1119 1692 1371 1781 palimpsesta
1391 1695 1433 1760 23
1451 1695 1485 1760 in
1499 1695 1548 1759 4⁰.
1591 1695 1736 1760 Primum
1753 1693 1909 1776 Graece,
1925 1703 1993 1760 tum
2008 1689 2114 1758 deleta
2128 1691 2258 1758 Graeca

621 1827 781 1912 scriptura
805 1821 1011 1889 Slavonice
1034 1823 1155 1908 scripta
1177 1831 1260 1886 sunt.
1309 1822 1461 1910 Inprimis
1485 1821 1693 1888 memorabile
1717 1831 1767 1887 est
1795 1821 1948 1909 pleraque
1974 1819 2052 1886 folia
2077 1819 2128 1886 his
2155 1819 2256 1884 fuisse

622 1951 748 2017 Graece
771 1953 892 2038 scripta
915 1959 1086 2036 antequam
1108 1945 1150 2012 ab
1173 1947 1303 2014 homine
1323 1947 1420 2013 Slavc
1443 1947 1690 2032 adhiberentur,
1718 1950 1764 2014 ita
1784 1959 1820 2014 ut
1835 1949 1906 2036 jam
1928 1947 2117 2035 plerumque
2138 1945 2257 2032 triplex

621 2079 798 2168 scriptura,
819 2077 925 2164 prima
949 2076 1108 2144 decimum
1130 2076 1199 2140 fere
1219 2075 1384 2142 saeculum
1401 2077 1576 2160 referente,
1600 2074 1642 2141 ob
1663 2075 1774 2141 oculos
1790 2085 1947 2140 versetur.
1991 2075 2103 2161 Neque
2120 2071 2255 2154 Graeca,

620 2225 755 2292 quorum
771 2204 929 2290 permulta
944 2205 1022 2268 satis
1038 2211 1205 2288 apparent,
1220 2224 1324 2289 neque
1340 2201 1512 2268 Slavcnica
1526 2203 1609 2268 lecta
1624 2213 1708 2268 sunt.

1389 2557 1483 2640 XII.

724 2787 819 2852 Folia
845 2787 1091 2854 membranacea
1117 2786 1370 2874 palimpseeta
1395 2789 1415 2854 8
1441 2789 1475 2852 in
1500 2787 1551 2851 4⁰.
1603 2787 1670 2853 Sub
1697 2787 1891 2853 Armeniaca
1918 2795 2009 2852 textu
2034 2787 2184 2850 inventus
2209 2793 2259 2848 est

622 2917 803 2998 Graecus,
818 2912 997 2980 uncialibus
1011 2913 1126 2978 litteris
1141 2913 1366 3001 pulcherrimis
1383 2913 1504 2980 saeculi
1518 2915 1587 2980 fere
1599 2915 1701 3002 quinti
1716 2925 1876 2980 exaratus.
1900 2913 2075 2979 Humiliam
2090 2913 2124 2977 in
2137 2933 2258 2977 memo-

620 3045 700 3108 riam
727 3043 866 3108 hominIs
892 3041 995 3106 sancti
1021 3041 1176 3127 scriptam
1202 3043 1367 3106 continere
1393 3041 1521 3108 videtur
1548 3063 1682 3128 eamque
1705 3050 1742 3108 ut
1763 3040 1891 3106 videtur
1914 3040 2125 3128 deperditam.
2177 3039 2259 3102 Loci

620 3169 729 3257 plures
744 3170 861 3235 infusis
877 3167 1029 3234 chemicis
1045 3167 1274 3252 adlegandum
1288 3168 1401 3234 faciles
1417 3179 1507 3252 sunt;
1529 3169 1576 3235 ibi
1590 3171 1674 3233 inter
1689 3168 1752 3234 alia
1767 3168 1847 3234 haec
1863 3171 1985 3255 scripta
2000 3178 2088 3234 sunt:

1020 3433 1070 3488 την
1091 3434 1166 3490 ημων
1186 3417 1329 3490 καθαρσιν
1350 3417 1519 3491 καθαιρεται
1539 3431 1568 3472 rr

1022 3551 1062 3590 τω
1083 3531 1195 3610 ropham
1217 3551 1233 3590 ο
1252 3551 1336 3608 parce
1356 3535 1487 3612 καθαρος
1508 3553 1554 3590 και
1577 3553 1629 3610 aar]

1018 3669 1104 3728 ρατος
1126 3647 1239 3728 αγαιζον
1256 3639 1331 3728 (sic)
1355 3671 1427 3726 ημας
1448 3671 1495 3710 και
1516 3672 1553 3710 ru
1572 3651 1664 3710 adura
1686 3673 1732 3712 nra
1753 3671 1806 3718 τας

981 3854 988 3867 ι
1021 3767 1147 3845 aspidae
1168 3789 1225 3828 rar
1246 3768 1405 3845 dpaaorrcrr
1426 3757 1572 3850 συντριβαῖ

1020 3907 1065 3946 sar
1085 3906 1134 3946 rev
1154 3887 1257 3954 adurae

1020 4070 1182 4149 παραδοξον
1202 4095 1219 4150 η
1240 4072 1400 4152 {ludelawe
1420 4071 1517 4146 εδειξεν
1539 4095 1653 4151 curuare
1673 4095 1749 4152 rrqya

1019 4211 1097 4250 σασα

1019 4395 1068 4436 aaa
1087 4395 1136 4435 aar
1156 4362 1226 4452 ᾧ
1247 4365 1281 4454 (i.
1299 4392 1325 4434 e.
1341 4367 1475 4456 cruvpcr)
1499 4396 1549 4437 ccv
1572 4397 1710 4456 apaprrcc
1730 4399 1769 4436 ra

1020 4479 1060 4554 aa
1082 4513 1138 4554 occe
1160 4479 1212 4571 rie-p
1231 4493 1438 4572 ηκολουθησας·

1024 4612 1098 4674 Olor
1119 4633 1235 4674 carrarca
1257 4619 1364 4673 credor
1385 4635 1424 4673 rur
1446 4601 1486 4676 aar
1508 4614 1572 4674 ota
1593 4635 1624 4674 cr

1020 4753 1105 4792 aaran
1126 4752 1307 4811 εσταυρωσας
1328 4753 1368 4794 rar
1389 4753 1483 4810 κοσμω
1504 4753 1575 4810 προς

933 4933 936 4940 Ι
1019 4867 1051 4910 rc
1071 4851 1200 4930 βραβειον

1022 5039 1089 5098 Ocu
1111 5018 1162 5115 aaa
1183 5036 1316 5115 ελαμψαν
1337 5057 1388 5098 σου
1408 5059 1446 5097 ra
1467 5058 1534 5116 εργα
1555 5059 1587 5098 cv
1606 5027 1698 5117 poro*

1018 5175 1048 5214 aa
1063 5143 1139 5224 ἶνα-ις
1160 5155 1234 5215 ulla
1254 5179 1301 5216 aar
1321 5178 1351 5216 aa
1372 5155 1495 5236 αγγελοις
1515 5141 1657 5236 depura-

1018 5261 1103 5354 χῖνεν
1123 5296 1177 5354 γαρ
1197 5295 1230 5352 τη
1252 5297 1365 5354 araque
1385 5297 1437 5338 σου
1458 5297 1474 5336 ο
1494 5277 1568 5355 place
1588 5299 1638 5356 της

1019 5393 1189 5470 ὅικαιοσυνης
1210 5395 1370 5472 cpurdpvrer
1390 5415 1441 5456 σου
1461 5416 1511 5473 την
1532 5417 1570 5456 rra

1018 5510 1060 5570 ta
