5284 6620
2010 687 2052 754 93

405 919 454 966 τος
468 891 622 978 άπολιιβῶν
635 890 766 965 κοινωνός
779 897 836 958 τῶν
850 891 999 976 άχρόντων
1012 893 1064 958 καί
1074 894 1218 968 ζωοποιῶν
1231 893 1281 956 τοῦ
1295 893 1422 974 Χριστοῦ
1434 893 1589 974 μυστηρίων
1610 892 1725 975 γένηται
1768 891 1819 956 37.
1842 889 1890 958 καί
1908 890 1924 958 ό
1940 892 2052 976 Πέτρος

405 1019 476 1105 πρὸς
495 1019 580 1088 αῦτόυ
598 1019 650 1103 ἔφη
671 1018 705 1086 Ὁ
722 1019 813 1104 κόρως
830 1017 907 1103 ἡμῶν
919 1018 1024 1102 Ἰησοῦς
1038 1016 1164 1102 Χριστός
1182 1015 1198 1084 ό
1217 1016 1275 1091 υίὸς
1292 1022 1342 1084 τοῦ
1355 1021 1427 1084 θεοῦ
1444 1018 1519 1084 εἶπεν
1531 1016 1565 1085 ‘0
1578 1017 1729 1091 πιστεύσας
1745 1015 1794 1084 καλ
1811 1016 1981 1103 βαπτισθεὶς
1997 1045 2050 1084 σιο-

405 1147 538 1232 θήσεται,
560 1149 612 1214 καί
622 1146 712 1212 Κανά
726 1145 776 1232 τήν
789 1149 881 1212 πίστιν
895 1172 947 1212 σου
960 1145 1104 1230 γενηθήτω
1119 1171 1163 1211 σοι
1176 1143 1216 1218 ῶς
1230 1145 1331 1219 θέλεις.
1366 1145 1459 1212 πολλά
1474 1143 1504 1210 δέ
1516 1143 1565 1210 καί
1578 1145 1659 1228 έτερα
1674 1143 1733 1211 siud
1751 1149 1808 1210 τῶν
1826 1147 1916 1212 θείων
1933 1151 2050 1230 γραφῶν

404 1279 503 1340 τοῦτον
516 1275 676 1360 κατήχησιν.
702 1275 822 1356 ἑσπέρας
836 1270 865 1338 δὲ
883 1273 1025 1358 γενομένης
1042 1271 1246 1358 μεταλαβόντες
1264 1277 1369 1357 τροφῆς
1385 1271 1564 1356 όπνῶσαμεν,
1587 1273 1727 1347 αἰνοῦντες
1744 1271 1792 1338 καί
1809 1273 1982 1359 εὐλογοῦντες
2000 1273 2050 1341 τόν

404 1401 484 1467 θεόν.
526 1400 577 1466 38.
600 1407 643 1486 τήι
660 1399 690 1466 δὲ
708 1400 829 1484 ἐπωόσηι
846 1399 944 1484 ήμέραι
962 1399 1092 1474 ἀναστάς
1109 1399 1125 1466 ό
1141 1401 1253 1484 Πέτρος
1271 1399 1459 1485 ὀρθριῶτερον
1477 1398 1525 1466 καὶ
1542 1401 1763 1486 προσευξάμενος
1779 1402 1982 1484 μετεκαλαδατο
1999 1401 2050 1468 τόν

405 1530 516 1614 πατέρα
530 1528 620 1614 ήμῶν,
642 1526 703 1612 ἅμα
718 1526 748 1592 δὲ
761 1525 809 1594 καὶ
822 1527 907 1611 ήμάς,
929 1529 1015 1612 λέγων
1028 1527 1168 1612 Σήμερον,
1190 1522 1214 1593 oi
1230 1527 1359 1611 ἀδελφοί,
1379 1529 1483 1612 μεγάλη
1495 1527 1572 1612 χαρά
1586 1531 1689 1613 γίνεται
1703 1528 1732 1594 έν
1745 1533 1797 1593 τῶι
1810 1528 1929 1613 οῦρανῶι
1943 1526 1988 1594 ἐπὶ
2005 1535 2050 1612 τήι

403 1657 583 1740 θεοδωρήιωι
601 1657 777 1740 άνοιγεννήσει
795 1660 845 1722 τοῦ
863 1659 949 1721 καλοῦ
966 1657 1094 1739 γέροντος
1111 1656 1254 1723 Φαύστου.
1283 1653 1331 1721 καί
1343 1656 1520 1741 παραλαβών
1533 1654 1607 1739 ήμιὶς
1621 1656 1739 1738 ε’ξήειμεν
1753 1655 1827 1721 κατὰ
1843 1655 1986 1730 ἀνατολάς
1999 1661 2049 1740 τής

402 1784 518 1860 πόλεως,
533 1784 608 1848 ἔνθα
621 1783 789 1868 ὑπάρχουσιν
801 1779 894 1850 ῦδατα
908 1783 1000 1850 πολλοὶ
1013 1780 1062 1848 καί
1076 1783 1206 1868 καθαρά,
1221 1781 1269 1848 καλ
1282 1783 1366 1868 μόνον
1379 1783 1429 1850 τόν
1443 1786 1553 1869 πατέρα
1566 1783 1643 1868 ήμῶν
1656 1782 1752 1868 λαβῶν
1765 1784 1830 1867 ἰδίη,
1845 1783 2005 1867 κατηχήσας
2017 1809 2048 1849 τε

402 1911 495 1977 πολλά
512 1909 561 1977 καί
579 1911 695 1989 διδάξας
713 1911 799 1978 αῦτδν
817 1911 855 1976 τά
874 1909 1004 1995 περὶτοῦ
1021 1917 1093 1978 θεοῦ
1112 1909 1160 1976 καλ
1178 1916 1227 1996 τής
1246 1910 1293 1976 διά
1312 1911 1417 1994 σαρκός
1436 1911 1521 1978 αιἰτοῦ
1540 1911 1611 1996 πρὸς
1628 1909 1702 1994 ήμῶς
1721 1911 1877 1995 ἐπιδημίας,
1900 1911 2047 1996 ἐβάπτισεν

403 2038 489 2106 αἰτόν
502 2040 541 2113 εἰς
554 2039 587 2104 τό
602 2037 690 2122 ὄνομα
704 2044 754 2104 τοῦ
767 2037 876 2122 πατρὸς
889 2036 936 2104 καί
950 2045 1000 2106 τοῦ
1013 2039 1073 2106 υίοῦ
1086 2037 1134 2105 καί
1148 2044 1197 2106 τοῦ
1212 2037 1292 2124 ἁγίου
1304 2038 1471 2122 πνεύματος·
1491 2036 1539 2104 καὶ
1552 2039 1648 2124 λαβῶν
1662 2037 1760 2122 άρτον,
1781 2039 1981 2123 εὐχαριστήσας
1999 2036 2048 2104 καὶ

401 2166 551 2251 εῦλογήσας
564 2167 713 2248 μετέδωκεν
729 2167 805 2246 αῦτῷ
819 2170 876 2230 τῶν
890 2164 977 2250 ἁγίων
990 2163 1039 2231 καί
1053 2165 1201 2250 άχράυτων
1214 2163 1263 2232 καὶ
1277 2170 1420 2244 ζωοποιοῦν
1434 2171 1483 2232 τοῦ
1498 2169 1623 2249 Χριστοῦ
1635 2169 1799 2250 μυστηρίων.
1841 2163 1892 2231 39.
1915 2163 1963 2230 καλ
1981 2160 2046 2250 ήμεν

401 2293 470 2377 ὁμοῦ
484 2295 511 2360 οἱ
524 2293 628 2367 πάντες
642 2293 840 2377 ἀγαλλιώμενοι
855 2293 883 2358 έν
897 2294 980 2378 κυρίη
993 2292 1097 2378 ἡμέρας
1110 2291 1158 2359 καί
1172 2293 1269 2368 νυκτός
1283 2290 1329 2360 ini
1342 2299 1377 2376 νή
1389 2298 1439 2359 τοῦ
1453 2293 1562 2377 πατρός
1575 2292 1653 2376 ήμῶν
1666 2291 1713 2360 διὰ
1727 2297 1777 2359 τοῦ
1793 2293 1872 2378 ἁγίου
1890 2295 2046 2378 βαπτίσμα-

402 2447 451 2496 τος
470 2419 657 2506 ἀναγεννήσει,
683 2419 722 2484 ότι
740 2445 770 2484 τε
788 2407 835 2484 καί
854 2420 903 2487 τόν
922 2429 1003 2486 θεῖον
1019 2421 1101 2505 λόγον
1119 2420 1201 2504 παρά
1216 2422 1328 2504 Πέτρου
1347 2421 1524 2506 ἀκροώμενοι.
1542 2418 1590 2486 καί
1607 2421 1784 2505 ποιησάντων
1798 2420 1874 2504 ήμῶν
1887 2420 1986 2504 χρόνον
2000 2418 2046 2485 ε’πλ

401 2549 505 2614 τοαυτό
524 2546 609 2630 (sic)
628 2574 691 2612 τινα
709 2551 781 2614 πᾶσι
799 2546 945 2630 κατάδηλα
963 2549 1054 2632 γέγονε
1072 2547 1109 2614 τά
1124 2547 1193 2613 καθ’
1215 2547 1299 2632 ἡμᾶς,
1322 2546 1370 2612 καὶ
1388 2549 1417 2614 ἐν
1436 2558 1495 2622 τοῖς
1512 2545 1648 2614 ἁπάντων
1665 2543 1731 2633 ήμεν
1750 2548 1870 2632 στόμασι
1892 2549 2047 2621 διαπαντός

402 2673 488 2762 (sie),
503 2673 551 2741 καὶ
566 2674 729 2758 έθαῦμαζον
742 2673 847 2747 πάντες
861 2672 906 2740 isti
920 2680 991 2742 πᾶσι
1004 2685 1063 2749 τοῖς
1076 2673 1271 2760 συμβεβηκόσιν
1284 2674 1360 2759 ήμῖν,
1375 2673 1423 2740 καί
1437 2674 1487 2760 τήν
1501 2679 1551 2742 τοῦ
1564 2679 1635 2742 θεοῦ
1649 2677 1688 2750 εἰς
1700 2673 1774 2760 ήμάς
1787 2674 1922 2760 βοήθειαν
1936 2673 1981 2740 ε’πλ
1995 2681 2046 2740 τῶι

401 2803 601 2888 άναγνωρισμηῦ
619 2800 707 2887 ήμῶν,
726 2800 791 2875 τοῦς
803 2806 902 2884 μακρῷ
914 2802 1007 2887 χρόνῳ
1022 2802 1070 2869 ἀπ’
1087 2802 1213 2886 άλλήλανν
1225 2803 1419 2886 χωρισθέντος
1432 2799 1480 2867 καί
1493 2807 1633 2868 τεθνάνα
1647 2799 1723 2888 (sic)
1739 2803 1925 2886 νομισθέντας
1941 2797 2046 2888 [ἐμεγά-

399 2925 502 3017 torol.
544 2929 596 2993 40.
618 2927 667 2995 καί
681 2929 779 2996 τοῦτου
792 2931 932 3014 βοωμένου
945 2929 1021 2996 κατά
1035 2935 1135 2998 πάσαν
1148 2929 1198 3015 τήν
1212 2930 1299 3005 πόλιν,
1313 2929 1421 3013 μαθῶν
1435 2929 1473 2994 τά
1487 2930 1556 2995 καθ’
1572 2929 1646 3014 ἡμᾶς
1660 2930 1676 2997 ό
1690 2934 1740 3014 τῆς
1751 2930 1915 3014 Ἀντιοχεόιν
1929 2930 2044 3014 ήγιμῶν,

399 3059 475 3124 κατὰ
489 3055 586 3124 πάντα
599 3055 638 3122 τά
652 3057 842 3142 συμβεβηκότα
856 3063 896 3137 τῷ
910 3083 941 3123 τε
954 3055 1041 3142 πατρὶ
1054 3057 1131 3142 ήμῶν
1144 3055 1193 3123 καὶ
1206 3062 1240 3140 τή
1253 3061 1342 3142 μητρί,
1357 3055 1405 3123 καὶ
1418 3055 1461 3124 ὅτι
1474 3063 1616 3143 βασιλικοῦ
1628 3059 1723 3142 γένους
1731 3056 1909 3142 ὑπάρχωσιν,
1925 3057 2045 3142 ἀνήγαγε

399 3191 491 3255 ταῦτα
509 3185 605 3250 πάντα
624 3185 745 3268 ἀκριβῶς
762 3189 814 3250 τῶι
831 3190 942 3270 βασιλεῖ
956 3187 1080 3270 Τιβερίῳ.
1103 3184 1227 3258 αἰκοόσας
1244 3181 1274 3249 δέ
1292 3183 1309 3252 ό
1327 3185 1455 3270 βασιλεὺς
1473 3185 1521 3252 oio
1538 3187 1636 3271 συνέβη
1659 3186 1784 3264 (Ιιαόστω
1802 3189 1853 3248 τῶι
1870 3185 1940 3250 ἰδίωι
1959 3186 2044 3252 αῦτοῦ

399 3323 532 3399 συγγενεῖ,
556 3313 677 3378 έκελευσε
695 3318 735 3393 τῶ
750 3311 857 3396 ήγεμόνι
870 3317 920 3396 τῆς
931 3313 1103 3398 ’Λντιοχείας
1115 3311 1149 3380 τό
1163 3313 1250 3398 τάχος
1264 3314 1431 3378 ἀποστεῖλαι
1444 3311 1530 3379 αῦτόν
1545 3309 1606 3396 ἅμα
1619 3309 1667 3378 καί
1680 3317 1729 3396 τῆς
1742 3311 1844 3396 μητρός
1857 3310 1942 3395 ήμῶν
1966 3312 2043 3390 δεξά·

397 3468 478 3525 μενος
497 3437 528 3505 δὲ
545 3439 560 3508 ό
580 3437 688 3524 ήγεμῶν
705 3438 755 3524 τήν
773 3444 823 3505 τοῦ
840 3441 976 3524 βασιλεως
994 3441 1127 3515 κέλευσεν,
1149 3441 1409 3523 προσκαλεσάμενος
1426 3441 1475 3506 τὸν
1493 3441 1604 3524 πατέρα
1621 3439 1699 3523 ημῶν
1717 3436 1764 3504 καί
1783 3438 1832 3523 τήν
1849 3440 1954 3523 μητέρα
1972 3439 2043 3522 μετά

398 3574 501 3652 πολλής
514 3574 592 3652 τιμῆς
605 3565 653 3632 καί
667 3567 749 3650 δόξης
763 3616 770 3629 .
786 3615 792 3630 .
809 3615 815 3629 .
832 3615 838 3628 .

1190 3777 1251 3870 111.

500 3937 540 4004 in
563 3938 676 4004 codiee
699 3937 916 4004 bibliothecae
938 3939 1057 4028 montis
1081 3935 1241 4023 Sineitioi,
1269 3938 1391 4005 soeculi
1413 3941 1482 4006 fere
1505 3939 1623 4005 decimi
1644 3940 1745 4023 tertii,
1770 3937 1866 4026 pluro
1890 3937 2041 4024 leguntur

397 4089 480 4153 quae
495 4065 538 4131 ad
559 4063 873 4130 Constitutiones
892 4063 1144 4151 Apostolioas
1163 4067 1333 4154 pertinent.
1367 4067 1539 4155 Descripsi
1553 4065 1630 4131 inde
1644 4065 1720 4132 libri
1733 4065 1826 4131 VIII.
1841 4074 1940 4153 ceput
1952 4067 1995 4131 32
2009 4075 2042 4132 ot

397 4216 480 4280 quae
497 4202 684 4280 sequuntur.
721 4193 924 4280 Scripturem
943 4192 1067 4258 codicis
1086 4195 1133 4259 ita
1147 4193 1282 4260 efferam
1302 4205 1338 4258 ut
1353 4217 1436 4281 quae
1456 4205 1582 4260 atoxtu
1596 4192 1753 4260 Ootelerii
1767 4193 2041 4282 quemadmodum

394 4322 588 4406 recognovit
603 4319 811 4386 doctissimus
827 4319 1016 4386 Ueltzenius
1032 4319 1197 4406 different,
1212 4320 1321 4388 verbis
1336 4322 1433 4388 letius
1448 4323 1617 4410 impressis
1633 4322 1840 4406 distinguam.

1303 4473 1346 4526 39.
1362 4473 1456 4543 Epis
1472 4473 1491 4526 l.
1502 4474 1522 4527 l.
1540 4508 1554 4518 -
1566 4505 1582 4516 -
1597 4471 1664 4543 ὁμοῦ
1681 4473 1779 4532 πάντες
1794 4505 1812 4516 -
1825 4505 1842 4514 -
1857 4473 1936 4526 νιόιτα
1951 4493 1979 4525 τε
1996 4476 2040 4525 καὶ

1252 4557 1314 4628 μεθ’
1327 4557 1424 4629 ἡμέραν
1438 4563 1483 4611 inl
1496 4579 1523 4611 τε
1540 4561 1571 4630 τῇ
1585 4579 1609 4611 τ.
1622 4578 1700 4628 πατρ.
1713 4558 1757 4612 διά
1769 4579 1792 4612 τ.
1803 4563 1881 4612 θείου
1892 4557 2040 4627 πνεύματος

364 4493 366 4500 ’
446 4471 487 4528 37.
500 4471 593 4542 Epis
609 4471 655 4524 Η.
670 4471 740 4526 καλό
756 4474 804 4525 Πί.
820 4471 969 4540 κατηχήσας
984 4471 1065 4525 αὐτόν
1080 4473 1183 4542 είρηιιιίς

393 4577 421 4610 τε
438 4555 525 4609 πολλοὶ
541 4561 601 4627 περὶ
618 4561 755 4626 σωτηρίας,
771 4559 813 4610 ἐπὶ
827 4561 893 4610 τίλιι
909 4560 935 4609 δὲ
950 4560 1083 4610 καὶτοῦτο
1095 4559 1181 4622 εἰπάν,

394 4640 427 4701 ῶς
436 4641 450 4696 ό
460 4641 514 4711 κάρ.
524 4673 562 4684 --
572 4645 639 4695 θεοῦ
647 4649 703 4700 τοῖς
710 4649 846 4712 μαθηταῖς
856 4643 1032 4712 ἐντελλόμενος
1039 4641 1069 4696 Ὀ
1075 4643 1181 4697 πιστεῦ-

394 4746 455 4790 σας,
472 4731 529 4797 ἔφη,
547 4749 568 4780 κ.
584 4731 665 4794 βαπτ.
683 4727 847 4794 σωθήσεται,
865 4733 912 4780 καί
926 4727 1007 4782 Κατολ
1023 4760 1040 4770 -
1057 4763 1071 4773 -
1089 4731 1180 4786 θέλεις.

392 4817 451 4866 ίπεί
460 4831 509 4883 περ
520 4809 535 4864 δ
547 4811 634 4882 καιρός
645 4812 709 4882 πρός
721 4817 831 4882 ἑσπέραν
843 4803 886 4880 ἦν,
903 4817 1001 4884 τροφῆς
1016 4813 1180 4882 μεταλαβόν-

392 4917 441 4956 τας
454 4897 499 4963 (al.
511 4903 592 4963 -ντιςγ
603 4897 671 4966 μετὰ
682 4896 729 4965 τήν
740 4897 844 4966 συνήθη
856 4897 933 4968 εὐχήν
943 4897 957 4950 ὁ
968 4897 1047 4957 timae
1057 4896 1103 4964 (sl.
1113 4899 1179 4953 add.

392 4981 471 5052 ἡμᾶς)
486 4983 624 5053 ἐλάμβανε.

442 5067 484 5122 38.
496 5067 520 5121 Ε
527 5085 546 5139 p
554 5068 587 5122 it.
601 5065 717 5122 CXLII.
729 5069 761 5139 τή
772 5069 799 5121 δὲ
810 5073 850 5120 tn.
863 5071 926 5133 (om.
938 5064 1019 5138 ήμέρ.)
1033 5067 1111 5140 όρθρ.
1123 5070 1180 5122 πά-

392 5155 432 5206 λιν
443 5151 484 5206 ῶν.
496 5151 511 5205 ὁ
522 5155 571 5206 Πί.
582 5175 605 5206 κ.
616 5171 659 5224 πρ.
670 5156 855 5222 μετακαλεῖται
865 5151 913 5206 σῦν
924 5151 985 5221 ἡμῖν
995 5153 1041 5206 τόν
1052 5171 1124 5216 nat„
1135 5159 1180 5207 καί

391 5237 491 5308 Σήμερ.
507 5227 527 5306 qi
543 5237 587 5292 άδ.
605 5241 682 5304 λέγει,
697 5237 797 5307 μεγάλη
813 5269 830 5280 -
843 5273 855 5282 -
872 5242 940 5292 ἔνθα
955 5228 986 5306 ήν
1003 5236 1043 5292 iid.
1054 5258 1083 5292 π.
1095 5259 1122 5293 τε
1135 5244 1178 5292 καί

391 5355 407 5365 -
419 5355 435 5365 -
446 5327 549 5393 πατέρα
564 5323 651 5392 λαβῶν
669 5355 683 5366 -
693 5356 709 5366 -
726 5327 785 5394 περὶ
801 5325 869 5377 θεοῦ
885 5355 901 5365 -
913 5355 928 5364 -
944 5323 1074 5395 εόχαριστ.
1091 5345 1117 5378 τε
1134 5329 1178 5378 καί

391 5406 442 5462 εόλ.
453 5411 505 5462 τῶν
517 5411 589 5480 ίερῶν
599 5408 670 5478 sitq}
681 5417 793 5463 κοινωνεῖ
801 5429 879 5478 μυστ.

1252 4642 1329 4709 σίναγ.
1345 4647 1390 4696 καί
1403 4647 1435 4716 τή
1451 4643 1573 4714 ἀκροάσει
1589 4649 1639 4696 τῶν
1650 4647 1754 4714 Πέτρου
1769 4647 1869 4708 λογίων.
1882 4643 1978 4714 χρόνον
1993 4632 2039 4696 οῦν

1251 4729 1310 4782 τινά
1320 4733 1362 4782 ἐπὶ
1372 4728 1404 4782 τό
1416 4729 1481 4783 αὐτὸ
1493 4731 1670 4795 διαγαγόντων
1681 4729 1751 4798 ήμῶν
1763 4733 1831 4782 πᾶσι
1846 4731 1913 4798 δῆλα
1930 4733 2038 4796 κατέστη

1253 4845 1269 4855 -
1283 4847 1299 4856 -
1316 4815 1442 4886 στόμασι,
1459 4819 1504 4868 καί
1518 4815 1567 4870 ποί.
1578 4815 1676 4884 ίθαῦμ.
1687 4846 1704 4858 -
1715 4847 1729 4856 -
1742 4818 1785 4867 ἐπὶ
1795 4817 1831 4882 τῷ
1843 4813 1883 4866 σίν.
1895 4811 1967 4882 ήμῶν
1977 4817 2039 4882 εμε-

1250 4900 1363 4964 γάλονσν
1375 4899 1445 4966 (τοὺς
1454 4904 1544 4970 μακρῷ
1554 4917 1646 4972 usquo
1658 4907 1765 4969 νομισθ.
1777 4905 1842 4964 om.)

1301 4984 1343 5040 40.
1355 4985 1446 5056 Epis
1460 4985 1589 5040 CXLIII.
1605 4989 1651 5052 τῆς
1663 4984 1747 5054 φήμης
1758 4975 1803 5037 οῦν
1814 4984 1965 5049 πανταχόσε
1977 4985 2038 5038 δια·

1252 5071 1379 5138 θεούσης,
1397 5068 1412 5122 ό
1427 5073 1473 5137 τῆς
1484 5067 1599 5136 Ἀντήγ.
1611 5071 1659 5123 πά.
1670 5069 1705 5123 τά
1718 5074 1796 5140 σιιμβ.
1807 5075 1852 5122 oet
1860 5089 1887 5122 τε
1904 5071 1940 5136 τῷ
1955 5073 2037 5139 πατρί

1251 5159 1295 5208 καὶ
1304 5158 1383 5225 μητρί
1394 5155 1479 5220 γνοίς,
1492 5159 1535 5208 καί
1546 5153 1587 5208 ότι
1595 5160 1712 5226 Καίσαρι
1722 5153 1792 5208 κατά
1801 5158 1877 5219 γένος
1888 5153 2036 5225 προσήκου-

1250 5259 1304 5306 σιν,
1316 5239 1436 5310 ἀναφέρει
1446 5245 1533 5295 ταῦτα
1542 5244 1579 5310 τῷ
1593 5245 1652 5308 Τιβ.
1661 5245 1704 5294 καί
1715 5238 1730 5294 ό
1741 5246 1803 5308 βασ.
1815 5239 1928 5299 ἀκούσας
1941 5240 2036 5294 ιιελεόει

1249 5325 1280 5380 τό
1291 5325 1353 5392 τάχ.
1366 5325 1576 5398 ῶναπιμφθήναι
1586 5324 1682 5386 αὐτοὺς
1691 5329 1726 5386 είς
1735 5324 1841 5396 Ῥῶμην.
1857 5325 1874 5380 d
1884 5329 1928 5379 καλ
1938 5330 2035 5391 γέγονε,

1249 5414 1293 5465 καὶ
1307 5411 1374 5481 μετά
1389 5415 1464 5465 πολλ.
1481 5415 1556 5482 τιμής
1571 5414 1615 5464 καί
1632 5415 1791 5483 δορυφορίας
1803 5409 1817 5464 ό
1828 5410 1928 5482 ήγεμῶν
1939 5411 2034 5472 nuv-

1248 5502 1363 5564 τιοχείιις
1373 5497 1438 5568 πρὸς
1448 5497 1495 5552 τόν
1503 5501 1630 5565 Καίσαρα
1641 5502 1758 5569 Τιβίριον
1768 5498 1864 5559 αὐτοῦς
1874 5497 2035 5553 ἀποστέλλει.
