5244 6618
1991 739 2031 803 67

385 924 483 990 rubro
505 925 557 990 vel
580 923 777 990 subrubentc
800 933 980 989 atramento
1004 948 1024 990 6
1046 935 1231 990 correctore
1255 925 1400 991 additum
1424 949 1507 990 csse.
1550 926 1768 1012 Desnmptum
1791 935 1841 990 est
1864 949 1884 990 a
1905 925 1983 990 folio
2002 926 2032 988 4.

386 1075 491 1118 verso.
542 1052 695 1118 Continet
724 1061 831 1118 autem
851 1051 956 1117 codex
979 1062 1091 1118 noster
1113 1051 1268 1117 librorum
1290 1051 1429 1119 Genesis
1454 1063 1486 1117 et
1510 1052 1617 1118 Exodi
1640 1063 1750 1138 partes
1771 1019 1845 1117 has:
1877 1051 2033 1135 (16650,

374 1180 676 1262 .1-Ε66(1.8,22.
702 1181 750 1260 10,
768 1179 905 1262 19-18,
922 1179 951 1243 9.
995 1179 1084 1244 Inter
1105 1179 1243 1246 Genesis
1264 1191 1295 1244 et
1314 1179 1423 1245 Exodi
1443 1178 1544 1245 libros
1565 1179 1651 1245 nullo
1671 1179 1842 1245 intervallo
1863 1179 2032 1244 distinctos

385 1309 577 1394 interposita
600 1307 681 1372 hacc
705 1307 870 1392 leguntur:
897 1305 1097 1390 „Absolutus
1122 1317 1172 1372 est
1193 1306 1276 1372 liber
1295 1309 1419 1394 primus
1435 1307 1538 1392 legis.
1584 1306 1736 1394 Sequitur
1759 1306 1842 1372 liber
1861 1307 2033 1508 66666666,

387 1434 510 1500 exodus
534 1433 673 1502 filiorum
695 1433 798 1500 lsrael
820 1457 838 1499 e
861 1443 949 1499 terra
966 1433 1245 1521 Aegyptif‘ltem
1270 1457 1401 1500 carmen
1425 1435 1551 1500 Mariae
1572 1434 1678 1500 Exod.
1704 1435 1752 1518 15,
1780 1435 1806 1498 1.
1830 1434 1979 1499 inscribit
2001 1457 2032 1498 r:

386 1561 568 1644 „Laudatio
592 1585 653 1649 pro
675 1561 867 1628 liberatione
888 1561 1032 1626 corum.“
1063 1561 1232 1626 Sectiones
1251 1573 1317 1626 tam
1338 1564 1478 1628 maiores
1499 1584 1595 1648 quam
1614 1563 1757 1628 minores
1780 1562 2032 1648 distinguuntur.

385 1690 526 1754 Maiores
550 1691 583 1754 in
610 1692 756 1774 margine
781 1689 904 1754 codicis
929 1688 1114 1754 indicantur
1139 1689 1259 1776 duplici
1282 1710 1435 1754 numero:
1465 1688 1567 1754 altero
1588 1691 1673 1754 enim
1692 1689 1766 1754 libri
1784 1688 1908 1772 Exodi,
1931 1689 2032 1754 altero

385 1819 484 1881 totius
503 1817 717 1882 Pentateuchi
738 1817 899 1881 sectiones
919 1825 1139 1881 numerantur.
1177 1815 1230 1882 Ad
1244 1817 1351 1881 Exod.
1375 1817 1402 1898 1,
1424 1818 1451 1880 1.
1471 1818 1570 1904 666111
1590 1826 1665 1881 6661
1675 1819 1801 1881 numeri
1817 1815 1945 1881 XXXV
1961 1826 1993 1881 et
2008 1817 2033 1898 l,

386 1967 524 2030 quorum
540 1967 581 2009 ex
595 1945 705 2032 priore
720 1953 856 2030 apparet
870 1942 988 2008 librum
1006 1943 1159 2026 Genesis,
1183 1945 1266 2008 utin
1283 1943 1426 2030 Syriacis
1443 1943 1611 2008 codicibus
1626 1944 1698 2008 ficri
1714 1943 1811 2026 solet,
1835 1943 2033 2009 sectionibus

386 2072 531 2136 XXXIV
553 2071 737 2137 absolutum
757 2093 839 2136 csse.
876 2070 983 2135 Exod.
1004 2072 1034 2153 3,
1057 2073 1085 2134 1.
1112 2069 1282 2136 inchoatur
1303 2071 1404 2136 altera
1423 2071 1531 2136 Exodi
1555 2081 1587 2135 et
1611 2072 1780 2158 trigesima
1801 2081 1894 2136 sexta
1916 2070 2033 2137 Penta·

340 2181 344 2189 Ι
385 2201 494 2265 teuchi
510 2201 627 2282 sectio;
652 2199 760 2264 Exod.
779 2200 810 2282 4,
829 2199 877 2262 19.
900 2198 961 2263 ΙΠ.
978 2208 1010 2263 61
1030 2198 1208 2280 XXXVII3
1234 2199 1340 2262 Exod.
1364 2198 1394 2280 6,
1416 2200 1464 2263 10.
1485 2179 1540 2262 IV.
1561 2197 1929 2281 etXXXV1H3Exod.
1950 2201 1980 2282 8,
2003 2199 2032 2261 8.

386 2329 425 2390 V.
448 2339 481 2392 et
499 2327 663 2409 XXXIX3
688 2325 794 2390 Exod.
818 2327 917 2409 11,1.
941 2325 1014 2390 VH.
1036 2325 1186 2408 'etXL13
1214 2325 1320 2390 Exod.
1348 2325 1396 2408 12,
1422 2327 1472 2390 31.
1494 2325 1584 2390 Vlll.
1611 2336 1643 2389 et
1666 2325 1777 2408 XLII3
1801 2325 1907 2391 Exod.
1933 2329 1982 2410 14,
2003 2328 2032 2391 5.

385 2455 445 2520 ΙΧ.
465 2465 497 2520 61
521 2455 648 2537 XLffl3
671 2453 776 2518 Exod.
801 2453 853 2534 15,
874 2454 924 2517 22.
946 2453 987 2518 Χ.
1015 2463 1047 2517 61
1068 2453 1189 2536 XLIV;
1213 2452 1319 2518 Exod.
1345 2453 1394 2535 ll,
1422 2453 1448 2516 1.
1469 2453 1526 2517 XI.
1548 2463 1580 2518 et
1598 2452 1700 2516 XLV.
1748 2453 1787 2518 In
1807 2453 1868 2518 hac
1888 2463 2034 2518 extrema

387 2583 529 2648 sectione
550 2583 793 2666 distinguuntur
811 2583 954 2646 minores
975 2582 1136 2645 sectiones
1158 2582 1299 2667 quinque
1319 2581 1361 2646 ad
1378 2581 1426 2663 ll,
1442 2581 1471 2645 5.
1496 2583 1525 2647 8.
1544 2580 1594 2644 14.
1619 2580 1795 2664 18,1615.
1827 2582 2033 2668 1166666666

387 2733 468 2797 quae
492 2733 578 2774 nunc
604 2710 637 2773 in
662 2707 774 2772 codice
800 2710 921 2794 scripta
938 2709 1146 2775 inveniuntur
1171 2709 1279 2772 omnia
1302 2706 1343 2772 ab
1368 2731 1433 2773 una
1452 2708 1630 2794 eademque
1654 2731 1752 2774 manu
1774 2709 1922 2796 profecta
1941 2718 2032 2790 sunt3

386 2839 445 2903 sed
456 2837 557 2902 multa
568 2837 707 2900 maxime
723 2836 755 2898 16
771 2837 900 2921 6666116
916 2835 1093 2900 discriticis
1109 2836 1207 2921 inque
1221 2835 1384 2900 vocalium
1399 2843 1432 2900 et
1446 2844 1638 2900 accentuum
1650 2836 1751 2920 signis
1763 2835 1860 2900 homo
1874 2837 2033 2922 sequioris

387 2967 460 3032 aevi
490 2963 669 3050 supplevit3
699 2965 823 3048 passim
853 2965 950 3028 etiam
980 2987 1074 3028 suum
1103 2973 1228 3028 textum
1254 2964 1427 3049 antiquiori
1458 2963 1706 3049 suprascripsit,
1736 2972 1771 3027 ut
1798 2962 1878 3028 Gen.
1904 2963 1956 3045 59,
1985 2965 2033 3028 15.

385 3092 492 3158 Exod.
514 3093 541 3174 1,
567 3093 615 3155 ll.
651 3091 764 3177 Ipsum
782 3099 906 3155 textum
927 3113 1025 3176 quum
1045 3087 1084 3154 cl.
1108 3089 1201 3155 Tueh
1225 3090 1388 3156 conferret
1410 3112 1483 3154 cum
1502 3087 1611 3154 bibliis
1630 3088 1824 3176 Polyglottis
1847 3090 2033 3156 Londinen·

388 3220 477 3285 sibus
503 3229 535 3284 et
554 3218 775 3284 emendatiore
795 3218 876 3286 Leci
896 3217 1038 3282 editione
1044 3267 1053 3300 ,
1079 3239 1161 3305 quae
1182 3217 1304 3304 prodiit
1326 3217 1425 3300 1823,
1447 3215 1601 3282 adhibitis
1627 3218 1761 3304 insuper
1786 3215 1952 3282 codicibus
1972 3217 2034 3283 Po-

387 3349 493 3414 eockii
516 3357 548 3412 et
568 3347 695 3412 Usserii
715 3355 747 3410 et
765 3345 962 3430 Ephraemo,
986 3347 1108 3410 invenit
1130 3346 1278 3432 inprimis
1294 3347 1379 3411 intcr
1392 3355 1540 3410 nostrum
1556 3343 1702 3409 codicem
1718 3355 1750 3408 61
1764 3344 1846 3408 Leei
1860 3345 2034 3411 editionem

386 3478 426 3542 de
448 3477 587 3541 lectione
608 3474 798 3554 convenire,
823 3473 1044 3538 consentiente
1064 3472 1253 3559 plerumque
1272 3473 1345 3558 ipso
1366 3471 1518 3537 Hebraeo
1539 3481 1644 3554 textu,
1665 3481 1701 3536 61
1724 3470 1877 3555 (16650,
1898 3473 2033 3556 86113ς

385 3604 491 3668 Exod.
511 3605 538 3684 1,
556 3602 610 3684 123
631 3601 660 3684 2,
679 3601 733 3684 11;
753 3601 856 3682 3,17;
875 3601 906 3682 4,
922 3599 951 3664 5.
968 3601 988 3664 9
1005 3596 1095 3685 (bis).
1112 3600 1162 3664 23.
1213 3598 1289 3664 Alia
1310 3597 1480 3664 66166116
1498 3609 1610 3664 nostro
1631 3598 1737 3664 codici
1756 3597 1934 3686 peculiaria
1950 3611 2033 3684 sunt,

385 3735 489 3817 iisque
512 3729 636 3816 passim
662 3727 741 3792 solis
767 3726 920 3791 Hebraea
943 3727 1027 3793 bene
1051 3727 1189 3813 exprimi
1214 3725 1375 3808 videntur,
1398 3735 1434 3790 ut
1457 3725 1784 3810 2,11.1666166116;
1807 3727 1910 3809 3,15;
1936 3728 1966 3810 5,
1982 3729 2032 3791 21.

385 3861 439 3923 Fit
455 3859 551 3922 etiam
566 3853 706 3921 6166166
723 3877 795 3918 cum
812 3864 924 3918 nostro
940 3853 1053 3918 codice
1068 3853 1273 3940 Ephraemus
1288 3854 1401 3936 166161,
1423 3861 1459 3918 61
1475 3853 1523 3936 15,
1541 3853 1589 3918 15.

491 3982 580 4048 Cod.
601 3979 728 4046 Tisch.
753 3981 826 4045 XV.
850 3977 1064 4068 bombycinus
1081 3979 1231 4046 foliorum
1249 3981 1290 4046 58
1310 3982 1343 4045 16
1363 3979 1407 4063 8⁰,
1425 3989 1499 4045 ante
1519 3979 1613 4067 plura
1632 3989 1719 4044 certe
1736 3981 1867 4046 saecula
1881 3983 2032 4068 scriptus.

384 4115 500 4179 Insunt
514 4111 624 4198 hymni
640 4108 909 4172 Nestorianorum
924 4107 1039 4172 litteris
1060 4130 1140 4195 quas
1160 4107 1272 4172 dicunt
1286 4107 1488 4172 Nestorianis
1509 4109 1577 4172 sive
1599 4105 1775 4172 Chaldaeis
1794 4110 1928 4174 exarati.
1969 4108 2033 4190 Qui

385 4265 427 4306 an
447 4250 479 4304 61
498 4247 656 4325 66616666
676 4257 750 4300 cum
769 4234 866 4299 editis
887 4239 1095 4318 conveniant,
1117 4235 1260 4300 nondum
1276 4233 1479 4321 exploratum
1495 4244 1553 4300 est.
1588 4233 1760 4321 Speeimen
1781 4235 1960 4322 scripturae
1980 4259 2033 4302 ex-

385 4367 547 4432 hibuimus
567 4361 632 4428 tab.
652 4361 711 4428 III.
731 4362 804 4427 loco
826 4371 954 4449 quarto,
975 4363 1180 4451 desumptum
1201 4361 1318 4428 616116
1342 4361 1389 4426 11.
1409 4372 1509 4428 recto.

492 4491 581 4556 Cod.
604 4489 732 4555 Tiseh.
753 4489 842 4554 XVI.
864 4489 1147 4573 membranaceus,
1165 4499 1319 4554 constans
1341 4488 1427 4554 foliis
1448 4489 1502 4572 23,
1527 4511 1663 4576 quorum
1678 4511 1739 4554 666
1754 4490 1859 4554 forma
1874 4513 1934 4555 nec
1951 4492 2033 4556 ratio

385 4643 445 4684 nec
462 4629 553 4684 actas
577 4617 691 4682 eadem
714 4629 777 4700 est,
802 4619 944 4703 quinque
967 4617 1117 4682 codicum
1138 4617 1294 4704 reliquiis.
1345 4617 1545 4702 Fragmenta
1567 4637 1649 4701 quae
1674 4615 1764 4701 siglis
1786 4613 1876 4681 ABC
1899 4617 2033 4702 insigni-

385 4749 490 4812 vimus
511 4745 702 4831 antiquitate
722 4753 877 4831 supcrant
896 4745 1008 4809 decem
1029 4743 1108 4809 folia
1132 4743 1214 4830 siglo
1239 4744 1269 4808 Ε
1288 4753 1415 4826 661616;
1440 4743 1582 4809 omnium
1605 4764 1683 4807 vero
1705 4743 1964 4828 antiquissimum
1984 4754 2034 4809 est

385 4874 497 4939 folium
513 4895 613 4938 unum
627 4871 659 4936 D
676 4870 758 4956 siglo
774 4881 934 4953 notatum,
958 4871 1042 4958 quod
1058 4873 1136 4958 quin
1152 4893 1310 4936 annorum
1324 4871 1398 4957 plus
1412 4869 1499 4936 mille
1516 4871 1558 4934 sit
1572 4871 1628 4934 vix
1643 4868 1784 4934 dubitari
1798 4878 1916 4956 potest.

491 5001 535 5064 A:
559 4997 638 5064 folia
661 5007 812 5084 quattuor
836 4999 960 5063 formae
992 5001 1140 5082 maioris,
1169 4999 1351 5082 fragmenta
1382 4997 1604 5062 commentarii
1639 4995 1804 5080 allegorici
1837 4997 1965 5083 mystici
2000 4999 2034 5062 in

385 5131 547 5193 canticum
564 5127 778 5208 canticorum,
797 5124 840 5189 ad
855 5135 953 5211 caput
968 5135 1118 5211 quartum
1134 5125 1322 5212 spectantia.

488 5254 531 5317 B:
569 5253 649 5318 folia
685 5261 835 5339 quattuor
867 5253 991 5317 formae
1027 5251 1188 5334 eiusdem,
1225 5273 1302 5338 pars
1338 5250 1493 5315 historiae
1525 5250 1665 5314 hominis
1696 5249 1816 5314 ethnici
1847 5252 1901 5336 qui
1927 5249 2032 5316 Nisibi

386 5383 464 5446 urbe
492 5381 749 5467 Mesopotamiae
780 5401 882 5444 uxore
910 5377 1096 5443 Christiana
1121 5380 1154 5442 in
1180 5379 1419 5444 matrimonium
1449 5377 1547 5442 ducta
1575 5377 1700 5462 etipse
1724 5375 1884 5442 adfidcm
1910 5375 2033 5442 Christi

386 5508 555 5574 transibat.

1695 5637 1726 5689 ,a
