5284 6620
567 909 638 974 Elz.
966 909 1047 976 Ood.
1401 911 1471 976 Elz.
1801 911 1882 978 Cod.

466 1037 607 1121 ἀνάστηθι
807 1037 977 1102 confirmat
1235 1038 1415 1122 22.έμγιένειν
1641 1043 1750 1124 ένμεῦην

465 1162 560 1247 ἥλλετο
805 1164 893 1250 ἥλατο
1236 1166 1287 1231 23.
1299 1173 1428 1252 πρεσβιπ.
1443 1167 1502 1232 κατ’
1520 1170 1606 1238 εἰιιιλ.4
1639 1169 1698 1233 κατ’
1715 1171 1786 1234 έκκλ..
1801 1174 1896 1253 πρεσβ.

404 1289 452 1352 11.
465 1289 494 1354 δὲ
806 1291 976 1356 confirmat
1236 1292 1286 1356 25.
1300 1296 1328 1358 ἐν
1344 1297 1439 1378 ΙΙιργγ
1641 1298 1680 1371 εἰς
1693 1296 1742 1380 τὴν
1758 1298 1868 1379 Πέργην

464 1415 481 1481 ὁ
496 1422 613 1492 Παῦλος
807 1418 977 1489 confirmat
1298 1421 1347 1485 τὸν
1361 1421 1441 1504 λόγον
1640 1424 1689 1489 τὸν
1702 1423 1782 1506 λόγον
1793 1427 1842 1488 τοῦ
1857 1424 1948 1504 κυρύνν

464 1543 634 1611 Λυκαονιστὶ
805 1546 982 1630 Λνκαονιστὴ
1236 1547 1286 1610 27.
1298 1547 1499 1632 συναγαγόντες
1640 1550 1804 1634 συνάγοντες

403 1670 450 1733 12.
462 1671 510 1736 τὸν
523 1671 573 1755 μέν
804 1673 851 1738 τόν
1298 1674 1458 1759 ἀνήγγειλιιν
1639 1677 1785 1761 ἀνήγγελον

465 1801 524 1862 Δία
805 1802 879 1865 Δίαν
1234 1801 1284 1866 28.
1298 1805 1427 1886 διέτριβον
1443 1801 1471 1866 δέ
1486 1805 1543 1867 ἐκεῖ
1639 1807 1769 1888 διέτριβον
1783 1803 1813 1868 δέ

402 1925 450 1989 13.
463 1923 479 1990 ό
494 1925 523 1990 δὲ
803 1925 866 1991 τότε
880 1925 897 1991 ό
1297 1929 1346 1994 οὐκ
1359 1930 1449 2014 ὀλίγον
1638 1933 1727 2014 halym

463 2053 518 2136 πρὸ
541 2058 590 2136 τῆς
606 2054 713 2126 πόλεως
731 2053 777 2118 αὐ
803 2054 858 2136 πρὸ
874 2049 1045 2138 (scriptum
1066 2062 1116 2117 est
1129 2051 1205 2140 πρω)
1317 2055 1391 2119 XV.

505 2185 561 2244 τῶν
845 2185 901 2244 τιῦν
915 2185 1009 2244 πυλών
1023 2185 1073 2263 τῆς
1087 2179 1194 2255 πόλεως
1256 2183 1284 2245 1.
1297 2185 1496 2266 περιτιῄινησθε
1637 2189 1824 2268 περιτμηθητε

462 2307 563 2393 ἤθελεν
804 2307 908 2392 ἤθελον
1291 2313 1436 2383 Μωυσέως
1637 2316 1677 2375 τιῦ
1695 2315 1839 2385 Μωυσεδνς

401 2436 449 2500 14.
462 2435 554 2501 αὐτιῦν
804 2433 974 2498 confirmat
1254 2439 1282 2502 2.
1294 2464 1347 2521 γεν.
1362 2435 1410 2502 οὐν
1638 2465 1690 2522 γεν.
1706 2437 1735 2504 δέ

461 2562 645 2645 εἰσεπήδησαν
803 2561 973 2644 ἐξεπήδησαν
1295 2562 1342 2630 καλ
1356 2565 1528 2648 συζητῆσεως
1638 2563 1684 2630 καλ
1700 2566 1836 2650 ζητήσεως

400 2691 448 2756 15.
461 2691 510 2756 τόν
524 2691 594 2754 θεόν
607 2691 655 2755 τὸν
670 2693 761 2764 ζιῦντα
801 2689 872 2754 θεόν
887 2691 978 2762 ζῶντα
1253 2692 1282 2756 3.
1295 2693 1378 2775 διήρχ.
1393 2693 1442 2776 τλγν
1636 2693 1720 2776 δινγρχ.
1734 2693 1782 2777 τέγν
1798 2719 1827 2758 τε

400 2817 448 2882 17.
461 2819 579 2901 καίτοιγε·
803 2813 932 2892 *καίτοη
953 2813 993 2855 **
1002 2817 1121 2900 καίτοιγε
1252 2820 1282 2882 4.
1292 2817 1471 2904 Ἰερουσαλὴμ
1634 2819 1811 2904 Ἱεροσόλυμα

460 2945 559 3010 ἑαυτὸν
803 2941 972 3007 confirmat
1295 2947 1494 3030 ἀπεδέχθησαν
1637 2951 1854 3032 παρεδέχθησαν

461 3073 646 3157 ἀγαθοποιῶν
802 3071 990 3154 ἀγαθουργῶν
1293 3073 1349 3140 ὐπὸ
1364 3079 1413 3158 τῆς
1428 3076 1497 3138 ε’κκλ.
1638 3075 1697 3140 ἀπὸ
1712 3081 1760 3160 τῆς
1775 3079 1844 3141 ε’κκλ.

459 3199 614 3284 οὐρανόθεν
628 3197 690 3282 ἡμῖν
800 3197 956 3282 οὐρανόθεν
972 3193 1205 3284 (scriptumest
1294 3201 1395 3276 όθεὸς
1409 3204 1452 3266 έπ.
1466 3203 1522 3284 μετ’
1540 3201 1600 3266 αὐτ.
1637 3205 1680 3267 ε’π.
1694 3203 1750 3285 μετ’
1768 3203 1860 3268 αὐτῶν
1875 3202 1891 3268 ὁ
1905 3205 1975 3276 θεὸς

842 3314 989 3411 οῙινῙνθεν)
1252 3329 1281 3392 6.
1294 3327 1324 3394 δέ
1635 3355 1666 3394 τε

457 3454 553 3530 ὐετούς
568 3455 658 3528 διδοῦς
799 3452 890 3526 διδοὺς
902 3450 998 3526 ὐετούς
1254 3456 1281 3520 7.
1294 3455 1323 3520 δὲ
1336 3456 1508 3538 σνζιγιὴσεως
1636 3481 1666 3522 τε
1682 3457 1817 3540 ζητνγνεως

398 3583 617 3656 18.19.αὐτοῖς.
633 3584 757 3665 ἐπῆλθον
801 3579 907 3657 αὐτοῖς,
935 3581 1008 3646 ἀλλὰ
1033 3580 1204 3660 πορεύεσθαι
1293 3581 1395 3656 δθεός
1409 3585 1437 3648 ἐν
1451 3580 1514 3665 ἡμῖν
1529 3585 1596 3660 έξελ.
1633 3581 1737 3666 ένύμῑν
1748 3585 1816 3661 ἐξελ.
1830 3583 1847 3648 ὁ
1862 3584 1932 3656 θεός

501 3714 534 3774 δέ
844 3708 961 3772 ἕκαστον
972 3709 1011 3780 εἰς
1023 3708 1061 3774 τὰ
1072 3705 1136 3772 ι’δια.
1148 3713 1203 3772 δια·
1250 3711 1355 3784 8.δοῦς
1370 3711 1465 3783 αὐτοῖς
1635 3712 1699 3785 δούς

841 3836 988 3920 τριβόντων
1007 3834 1036 3900 δὲ
1052 3831 1203 3900 αὐτῶνκαὶ
1249 3836 1279 3900 9.
1291 3836 1370 3902 οὐδὲν
1634 3836 1804 3902 confimat

841 3963 1027 4027 διδασκόντων
1041 3965 1171 4045 ε’πνγλθαν
1230 3964 1278 4027 11.
1291 3966 1382 4047 κυρίου
1633 3969 1683 4029 τοῦ
1696 3967 1788 4048 κυρίου

396 4092 444 4156 19.
457 4090 660 4165 καλπεέσαντες
674 4093 738 4164 τούς
795 4087 842 4156 καὶ
879 4093 1075 4175 διαλεγομένων
1109 4090 1202 4156 αὐτιῦν
1290 4091 1379 4174 Ἰησοῦ
1394 4095 1519 4174 Χριστοῦ
1630 4091 1721 4174 Ἰησοῦ

497 4220 594 4302 ὄχλους
841 4218 1203 4302 παρρησιαάνεύιεισαντοῦς
1230 4217 1279 4280 12.
1291 4219 1474 4302 έξηγονμεύων
1632 4220 1808 4302 ἐξηγουμένου

838 4347 937 4430 όχλονς
964 4347 1121 4429 ἀποστῆναι
1150 4345 1198 4410 ἀπ’
1229 4343 1278 4406 14.
1291 4341 1336 4408 ἐπὶ
1350 4349 1390 4424 τοῦ
1404 4342 1520 4426 ὀνόματι
1632 4349 1671 4426 τῷ
1686 4345 1801 4428 ὀνόματι

838 4475 945 4550 αὐτῶν,
967 4476 1089 4558 λέγοντες
1103 4472 1145 4537 ότι
1159 4473 1201 4537 οὐ-
1229 4471 1278 4536 17.
1290 4475 1381 4535 ταῦτα
1395 4471 1490 4534 πάντα
1631 4477 1723 4536 ταῦτα

840 4599 884 4665 δόν
893 4599 1000 4683 ἀληθές
1012 4603 1131 4685 λέγουσιν
1140 4601 1198 4664 ἀλλ’
1229 4596 1277 4660 18.
1292 4597 1402 4680 γνωστὰ
1439 4598 1487 4662 ἀπ’
1525 4597 1627 4671 αιίῦνός

1332 4727 1389 4789 ἐστι
1403 4729 1443 4804 τῷ
1459 4729 1521 4805 θεῷ
1536 4725 1633 4790 κιόντα

455 4857 550 4940 ἔσυρον
807 4877 813 4893 ·
1333 4852 1370 4916 τὰ
1385 4851 1451 4934 ἔργα
1467 4851 1553 4916 αὐτοῦ
1633 4853 1743 4938 γνωστὰ
1758 4853 1806 4918 ἀπ’
1824 4855 1926 4927 αιἰῦνος

454 4985 614 5065 νομύταντες
795 4985 949 5062 νομιῒοντες
1226 4976 1276 5041 20.
1289 4978 1362 5042 ἀλλὰ
1631 4981 1689 5045 ἀλλ’

452 5110 588 5176 τεθνάναι
796 5112 959 5192 τεθνηκέναι
1289 5104 1348 5168 ἀπὸ
1361 5109 1417 5168 τῶν
1631 5112 1687 5171 των

390 5235 440 5300 20.
453 5237 538 5303 αὐτόν
553 5241 608 5302 τῶν
622 5249 696 5318 γιαθ.
793 5241 848 5300 τιῦν
863 5249 938 5318 μαθ.
953 5237 1038 5302 αὐτόν
1287 5227 1335 5294 καλ
1349 5235 1398 5294 τοῦ
1413 5236 1526 5296 πνικτοῦ
1630 5230 1676 5296 καλ
1691 5237 1804 5297 πνικτοῦ

389 5361 687 5448 21.εὐαγγελισόμιιινι
795 5363 965 5427 confirmat
1287 5361 1336 5421 τοῦ
1352 5357 1470 5438 νεότατος
1631 5359 1749 5442 αι’ξιιατσς

452 5487 499 5554 καλ
512 5491 588 5556 Ἰκόν.
603 5519 627 5556 κ.
641 5493 760 5573 Ἀντίοχ.
795 5519 820 5556 κ.
834 5494 874 5565 εἰς
886 5491 963 5556 Ἰκόν.
979 5519 1003 5556 κ.
1018 5493 1057 5565 εἰς
1069 5493 1145 5556 Ἀντ.
1224 5483 1275 5547 22.
1287 5487 1326 5564 τοῦ
1342 5483 1452 5565 Ιλαύλιρ
1630 5485 1800 5550 confirmat

1685 5621 1729 5671 18*
