5244 6618
601 688 643 756 48

601 897 684 958 τοῦτο
706 896 789 958 πᾶσα
807 895 864 956 τῶν
881 889 1070 974 ῦπερκοσμίων
1084 888 1102 972 ή
1116 889 1198 973 νοητή
1214 887 1393 972 διακόσμησις

603 1020 695 1094 ἀῦλως
720 1018 874 1102 ἑστιωμένη.
899 1015 1045 1100 τεκμήριον
1067 1013 1268 1101 ε’-ναργεδτατόν
1293 1013 1393 1082 τεκαὶ

603 1147 813 1232 ἀψευδέστατον
841 1147 954 1211 τίθεται
979 1147 1029 1227 τῆς
1057 1141 1120 1227 περὶ
1145 1142 1219 1226 ήμάς
1240 1145 1290 1208 τοῦ
1311 1141 1393 1227 λόγω

603 1275 829 1360 φιλανθρωπίας.
852 1272 902 1337 οῦκ
924 1272 983 1337 ἔστι
1001 1276 1058 1352 τῶν
1076 1271 1106 1335 έν
1123 1296 1157 1353 τη
1171 1272 1256 1336 κτίσει
1269 1279 1392 1354 θεωρου-

602 1403 691 1486 μένων
713 1399 729 1466 ὃ
750 1397 867 1485 χωρήσει
887 1397 986 1464 τοότω
1012 1398 1061 1483 τήν
1083 1396 1235 1483 ὑπερβολήν
1255 1402 1305 1480 τῆς
1325 1403 1392 1480 λαμ

604 1525 752 1612 πρότητος·
783 1525 799 1592 ὁ
826 1527 879 1612 γὰρ
904 1523 1065 1610 ῦπεροάσιος
1091 1526 1130 1598 είς
1156 1524 1253 1590 οῦσίαν
1275 1524 1394 1607 ἀληθῶς

605 1657 699 1722 ε’λθών
720 1652 768 1720 καὶ
781 1651 850 1738 ὑπὲρ
865 1652 962 1720 οῦσίαν
977 1649 1124 1726 οάσιωθελς
1142 1652 1190 1717 διά
1208 1650 1313 1736 σαρκὸς
1330 1649 1393 1734 ἡμῖν

605 1785 807 1855 πεπολίτευται,
834 1779 866 1853 ὃς
891 1779 924 1864 δὴ
953 1777 1000 1845 καὶ
1024 1777 1252 1866 ὑπερβαλλόντως
1278 1775 1323 1842 ἐπὶ
1345 1781 1394 1843 τοῦ

605 1909 686 1995 όρως
701 1909 883 1992 ε’ξήστραψεν,
903 1907 936 1974 οῦ
948 1907 1011 1974 τότε
1024 1905 1166 1990 γενόμενος
1179 1907 1279 1971 ἑαυτοῦ
1293 1905 1394 1989 διαυγέ-

606 2065 703 2122 στερος
720 2034 933 2120 ήῦφηλότερος,
954 2032 1059 2118 ἀπαγε,
1079 2033 1138 2098 ἀλλ’
1155 2030 1223 2116 ὅπερ
1237 2031 1285 2098 καὶ
1298 2031 1393 2116 πρότε-

604 2194 654 2250 ρω
675 2175 734 2239 τοῖς
752 2164 920 2244 τελουμένοις
938 2165 995 2226 τῶν
1012 2165 1152 2244 μαθητῶν
1170 2158 1218 2225 κατ’
1236 2160 1393 2243 μιωμένοις

605 2294 643 2360 τά
670 2290 831 2375 ὑψηλότερα
857 2288 933 2355 κατὰ
955 2288 1092 2370 ἀλήθειαν
1114 2287 1313 2370 θεωρούμενος.
1337 2286 1390 2363 ἔξω

606 2421 660 2506 γάρ
678 2418 782 2503 σαρκὸς
799 2413 846 2482 καλ
864 2415 966 2502 κόσμω
980 2415 1115 2499 γενόμενοι
1128 2414 1258 2480 καθόσον
1272 2412 1390 2496 ε’φικτόν,

606 2550 734 2614 ἐνταῦθα
755 2544 809 2618 τάς
828 2549 877 2627 τῆς
898 2543 1047 2626 μελλοέσης
1067 2541 1265 2624 καταστήσεως
1289 2539 1339 2626 ήδη
1362 2541 1392 2617 ἔξ

606 2671 646 2742 ῶν
668 2673 860 2758 ἐπειράθησαν
882 2670 1081 2754 ἐδιδάχθησαν.
1107 2670 1134 2734 α’
1154 2667 1208 2753 γάρ
1231 2665 1279 2732 καλ
1301 2663 1394 2750 μηδενὶ

606 2807 663 2868 τῶν
685 2800 819 2868 ἁπάντων
842 2797 1026 2880 ἀκωνώνητόν
1049 2798 1107 2862 ἐστι
1128 2797 1257 2862 καθόλου
1274 2794 1306 2862 τὸ
1327 2794 1394 2878 ἀγα-

606 2931 671 3005 θόν,
692 2927 751 2995 ἀλλ’
772 2923 831 3011 οάχὶ
850 2923 914 2992 ὅλον
928 2921 945 2992 ό
959 2926 990 2990 τί
999 2925 1072 2990 ποτέ
1083 2924 1167 2998 ἐστιν,
1190 2921 1249 2988 ἀλλ’
1266 2919 1333 2988 ὅσω
1347 2917 1395 2986 καὶ

607 3055 685 3130 ὅπως
702 3065 760 3128 τοῖς
778 3055 934 3137 μετέχουσιν
953 3051 1062 3135 ἕφικτδν
1080 3049 1205 3134 χωρητδν
1223 3051 1332 3134 γίνεται.
1347 3046 1396 3114 καλ

607 3189 689 3251 τοῦτο
722 3182 754 3248 δι’
789 3179 880 3264 ἀκραν
908 3179 1079 3264 ἀγαθότητα
1107 3188 1170 3251 ταῖς
1199 3175 1396 3260 ἀπειροδώροις

607 3311 776 3394 έλλάμφεσιν
805 3306 898 3374 όδεῦω
928 3303 973 3371 ἐπὶ
1000 3305 1097 3370 πάντα
1125 3301 1172 3369 καὶ
1200 3303 1393 3388 προχεόμενω·

608 3437 747 3514 ἀπόδειξις
769 3432 799 3500 δὲ
816 3439 873 3499 τῶν
891 3435 1042 3518 λεγομένων
1061 3432 1129 3499 αι’πὸ
1152 3429 1188 3497 ἀν
1206 3429 1245 3514 εἴη
1260 3429 1293 3499 τὸ
1306 3430 1395 3514 μακά-

606 3592 666 3650 ριον
688 3563 788 3636 πάθος
809 3557 857 3626 καλ
874 3561 1070 3643 πολυέμνητω,
1094 3555 1163 3642 ὅπερ
1184 3555 1228 3623 ἐπὶ
1246 3563 1295 3624 τοῦ
1314 3557 1395 3641 όρως

607 3691 785 3758 πεπόνθασιν
806 3689 833 3754 οἱ
847 3687 1010 3769 ἀπόστολοι,
1034 3685 1114 3770 ἡνίκα
1133 3686 1166 3752 τὸ
1182 3685 1333 3768 ἀπρόσιτον
1347 3683 1395 3750 καὶ

608 3818 725 3903 ἄχρονον
743 3821 806 3902 φῶς
823 3814 873 3900 τήν
887 3816 991 3882 οἰκείαν
1008 3813 1102 3898 σάρκα
1115 3819 1340 3898 μεταμορφῶσαν
1354 3819 1395 3896 τῷ

606 3943 803 4032 ὑπερβάλλοντι
824 3948 873 4026 τῆς
890 3943 993 4016 οἰκείας
1016 3943 1209 4027 φωτοβλυσίας
1227 3939 1396 4024 ῦπερωσέως

609 4073 786 4155 ελάμπρυνεν.
801 4068 825 4136 ιδ
839 4075 889 4136 τοῦ
902 4069 1064 4152 θαύματος·
1080 4069 1142 4134 κατ’
1159 4068 1287 4134 ἔκστασιν
1300 4075 1395 4134 τελειο-

574 4219 576 4224 ·
607 4199 694 4281 τάτην
715 4203 764 4281 τῆς
781 4197 891 4281 φάσεως
905 4199 1050 4264 πίπτωσιν
1063 4193 1141 4278 ῦπνῳ
1155 4203 1238 4280 βαρεῖ
1255 4193 1303 4261 καὶ
1316 4195 1396 4280 φόβῳ

607 4323 792 4410 κρατούμενοι,
807 4323 943 4409 χώσαντες
956 4324 1009 4397 τάς
1021 4324 1175 4407 αἰσθήσεις,
1187 4327 1286 4388 πᾶσαν
1296 4321 1396 4406 νοεράν

606 4453 708 4536 κίνησιν
729 4447 777 4516 καλ
801 4450 950 4534 ἀντίληψιν
971 4454 1116 4524 παντελῶς
1136 4452 1244 4515 ἑαυτῶν
1266 4448 1395 4514 ἀπωτά-

607 4596 718 4654 σαντες·
748 4575 821 4644 οῦτω
847 4576 922 4643 κατὰ
949 4577 998 4643 τὸν
1024 4587 1104 4643 θεῐω
1126 4577 1227 4642 ἐκείνω
1248 4573 1296 4640 καί
1317 4575 1394 4658 ῦπέρ

606 4733 701 4792 φωτω
724 4703 772 4770 καὶ
796 4704 919 4789 ἀόρατον
940 4703 1042 4789 γνόφω
1067 4710 1107 4784 τῷ
1128 4708 1191 4785 θεῶ
1213 4703 1395 4788 συνεγένοντο,

605 4839 646 4916 τῷ
667 4833 793 4917 μηδόλοις
811 4830 881 4916 ὁράν
899 4831 932 4898 τὸ
951 4831 1040 4906 ὄντας
1053 4830 1123 4916 ὁρῶν
1138 4831 1325 4918 εἰσδεχόμενος
1347 4825 1396 4894 καλ

606 4961 778 5046 τῷπάσχειν
793 4959 943 5044 ἀγνώστοις
956 4957 1006 5043 τήν
1020 4959 1089 5024 καθ’
1105 4957 1240 5043 ὑπεροχήν
1255 4958 1396 5041 ἀγνωσίαν

606 5087 785 5172 ποριζόμενοι,
799 5084 848 5152 καὶ
861 5085 911 5172 τήν
930 5085 1023 5170 πάσης
1036 5091 1135 5171 νοερᾶς
1150 5085 1313 5158 ἐπιστασίας
1325 5083 1395 5168 ι’νφη-

605 5215 722 5298 λοτέραν
754 5214 910 5299 ἐγρήγορσιν
941 5210 1020 5296 ῦπνφ
1048 5212 1311 5298 γωσταγωγοῦμενοι.
1341 5213 1395 5290 ἔξω

605 5341 721 5410 πάντων
742 5342 866 5426 ι’γινοντο
884 5346 941 5408 τῶν
961 5340 1107 5426 δρωμένων
1128 5367 1158 5406 τε
1172 5337 1220 5406 καλ
1234 5341 1394 5424 νοωμένων,

606 5467 646 5534 ἔτι
672 5466 702 5533 δὲ
722 5465 770 5534 καλ
792 5469 908 5544 ἑαυτῶν,
929 5467 975 5534 ἵνα
997 5468 1031 5535 τδ
1052 5469 1146 5552 πάσης
1166 5467 1276 5540 θίσεώς
1296 5493 1327 5532 τε
1347 5464 1395 5532 καί

1461 889 1635 975 ἀφαιρέσεως
1664 891 1809 977 ἐκβεβηκὸς
1835 893 1904 958 καθ’
1932 889 2067 978 ὑπεροχήν
2092 879 2254 976 ῦπεροόσιον

1460 1023 1494 1099 τῇ
1516 1017 1645 1101 έκφαῦσει
1662 1023 1712 1084 τοῦ
1730 1019 1812 1104 λόγω
1832 1047 1880 1086 και
1898 1025 1932 1102 τῇ
1947 1019 2098 1086 ἐπισκιάσει
2112 1025 2162 1086 τοῦ
2175 1020 2253 1086 πνεέν

1459 1170 1548 1226 ματος
1572 1141 1620 1209 καλ
1645 1151 1680 1228 τῇ
1706 1145 1821 1212 ἀνωθεν
1848 1147 1878 1211 ἐκ
1902 1152 1951 1231 τῆς
1979 1147 2094 1230 νεφελης
2118 1149 2254 1231 φερομένη

1460 1276 1540 1354 φωνή
1568 1277 1617 1338 τοῦ
1640 1272 1799 1357 γεννήτορας
1821 1274 1853 1338 δι’
1880 1274 2021 1359 ἀγνωσίας
2041 1271 2090 1340 καὶ
2112 1273 2254 1360 ἀβλεφίας

1460 1404 1636 1464 παιδευθῶσι
1649 1400 1803 1484 μυστήριον.

1525 1523 1599 1610 Περὶ
1621 1531 1670 1592 τοῦ
1691 1529 1772 1592 θείω
1793 1526 1892 1594 τοῦτω
1913 1527 2008 1611 φωτὸς
2029 1525 2113 1612 φησῖν
2132 1527 2148 1595 ὁ
2166 1529 2254 1614 μέγας

1461 1657 1494 1716 Γ
1489 1652 1614 1735 ρηγόριος
1635 1651 1651 1720 ό
1669 1653 1806 1738 θεολόγος
1823 1659 1895 1728 Φῶς
1912 1654 1930 1738 ή
1947 1662 2174 1741 παραδειχθεῐσα
2188 1657 2254 1722 θεό-

1461 1803 1510 1860 της
1525 1776 1569 1843 ε’πὶ
1583 1785 1632 1844 τοῦ
1646 1779 1727 1862 όρως
1741 1793 1800 1854 τοῖς
1810 1791 1965 1865 μαθηταιξ,
1979 1788 2075 1867 μικροῦ
2087 1784 2254 1868 στερροτέρα

1461 1901 1509 1969 καί
1531 1903 1635 1989 ὅψεως.
1658 1904 1706 1972 καί
1725 1903 1810 1982 αῦθις
1824 1906 1907 1986 Ἥξει
1924 1907 1974 1994 μὲν
1992 1908 2032 1984 ῶς
2050 1908 2066 1976 ό
2085 1909 2150 1994 έμδς
2163 1911 2253 1994 λόγος,

1462 2036 1585 2106 τοιοῦτος
1598 2032 1627 2098 δὲ
1641 2033 1699 2108 οἷος
1712 2033 1801 2119 ῶφθη
1813 2047 1872 2110 τοῖς
1882 2047 2029 2120 μαθηταῖς
2041 2034 2058 2122 ἢ
2071 2040 2253 2122 παρεδείχθη,

1460 2157 1645 2243 ῦπερνικώσης
1658 2160 1692 2227 τὸ
1706 2164 1821 2246 σαρκίον
1836 2169 1885 2248 τῆς
1898 2163 2043 2248 θεότητος.

1521 2284 1554 2354 Ὁ
1574 2285 1604 2352 δέ
1619 2284 1696 2372 ἅγιος
1711 2289 1845 2373 Μάξιμος
1863 2290 1954 2358 Τοῦτό
1973 2291 2039 2367 ἔστι,
2055 2293 2130 2376 φησά
2154 2289 2187 2359 τό
2202 2299 2253 2358 τοῦ

1459 2419 1530 2480 θεοῦ
1552 2415 1722 2500 εῦαγγελιον,
1748 2418 1881 2502 πρεσβεία
1909 2423 1980 2484 θεοῦ
2005 2415 2054 2484 καί
2081 2419 2256 2503 παράκλησις

1460 2542 1531 2626 πρὸς
1559 2541 1732 2626 ἀνθρώπως
1760 2543 1791 2609 δι’
1823 2545 1883 2610 υἱοῦ
1911 2547 2110 2628 σαρκωθεντος
2136 2544 2184 2612 καὶ
2205 2552 2255 2631 τῆς

1461 2670 1532 2754 πρὸς
1553 2669 1602 2737 τὸν
1624 2672 1735 2754 πατέρα
1758 2676 1937 2756 καταλλαγῆς
1956 2671 2062 2755 μισθὸν
2083 2674 2254 2757 δωρουμένου

1461 2808 1521 2870 τοῖς
1535 2803 1711 2878 πειθομένοις
1726 2798 1802 2879 αάτῷ
1817 2797 1866 2882 τήν
1882 2799 2013 2883 ἀγένητω
2027 2800 2140 2865 θέωσιν.
2156 2801 2253 2886 ἀγένη·

1462 2951 1511 2989 τον
1537 2922 1567 2988 δὲ
1595 2925 1664 3009 λέγω
1686 2926 1792 2989 θέωσιν
1813 2923 1863 3009 τήν
1884 2925 1945 2990 κατ’
1972 2927 2045 2999 εἶδος
2066 2926 2254 2994 ἀνυπόστατα

1631 3049 1645 3073 τ
1726 3051 1733 3072 ν
1772 3051 1785 3074 ιι
1863 3052 1870 3075 ν
1963 3053 1971 3075 ν
2005 3054 2013 3076 ν
2041 3053 2048 3076 ι
2135 3053 2143 3076 ι
2231 3057 2239 3079 ι
2295 3039 2302 3058 ¹

1463 3051 1608 3135 ἕλλαμψιν,
1627 3079 1687 3136 ητις
1705 3079 1753 3116 ωκ
1769 3077 1822 3136 εχει
1837 3077 1939 3135 γινεσιν
1954 3059 2007 3118 αλλ
2031 3079 2210 3138 ανεπινοητω
2224 3083 2253 3121 εν

1462 3189 1521 3252 τοῖς
1549 3179 1636 3256 ἀξίοις
1662 3180 1826 3262 φανέρωσιν.
1852 3175 1901 3244 καὶ
1928 3175 2014 3254 αῦθις
2038 3181 2081 3248 Οά
2101 3186 2188 3247 πᾶσιν
2209 3181 2254 3249 ἀεὶ

1461 3305 1533 3390 μετά
1552 3306 1642 3389 δόξης,
1664 3307 1756 3390 φησίν,
1779 3304 1795 3372 ὁ
1814 3307 1905 3390 κόρους
1924 3307 2098 3392 ἐπιφαίνεται
2112 3321 2170 3384 τοῖς
2184 3311 2251 3396 παρ’

1463 3433 1540 3513 αιἰτῷ
1567 3434 1735 3517 ἱσταμένοις,
1763 3433 1837 3500 ἀλλά
1864 3445 1923 3507 τοῖς
1947 3433 1997 3518 μὲν
2018 3435 2253 3520 εἰσαγομενοοςέν

1462 3561 1560 3626 δοῦλον
1573 3565 1666 3645 μορφή
1685 3563 1877 3645 παραγίνεται,
1891 3572 1951 3634 τοῖς
1968 3559 1998 3627 δὲ
2012 3565 2171 3644 δυναμένοις
2189 3563 2253 3632 ἀκο-

1462 3693 1602 3773 λουθῆσαι
1629 3687 1706 3768 αῦτῷ
1733 3686 1777 3754 ἐπὶ
1803 3687 1836 3756 τὸ
1863 3687 1972 3772 ὑψηλὸν
1999 3689 2180 3775 ἀναβαίνοντι
2204 3695 2254 3776 τῆς

1464 3815 1549 3880 αῦτοῦ
1566 3815 1807 3899 μεταμορφώσεως
1825 3812 1890 3898 όρος
1909 3815 1938 3880 έν
1951 3821 2044 3900 μορφή
2059 3821 2130 3882 θεοῦ
2145 3819 2253 3902 ε’πιφαί-

1436 3986 1437 3996 1
1462 3969 1547 4016 νεται,
1569 3942 1598 4006 έν
1618 3937 1635 4024 ᾖ
1656 3941 1760 4026 ὑπῆρχε
1779 3943 1833 4026 πρὸ
1853 3946 1902 4008 τοῦ
1920 3943 1970 4010 τόν
1989 3942 2091 4027 κόσμον
2109 3945 2186 4009 εἶναι.
2204 3943 2253 4011 κοιλ

1462 4069 1546 4134 πόλιν
1560 4068 1576 4136 ὁ
1592 4069 1676 4143 αιἰτός
1692 4067 1734 4136 Τό
1746 4075 1816 4153 φῶς,
1831 4071 1922 4153 φησίν,
1937 4073 1987 4134 τοῦ
1997 4070 2149 4154 προσώπου
2161 4073 2254 4156 κυρίω

1463 4196 1496 4262 τδ
1518 4200 1632 4280 νικῆσαν
1654 4201 1703 4280 τῆς
1730 4196 1917 4280 ἀνθρωπίνης.
1936 4197 2098 4280 αἰσθήσεως
2116 4196 2165 4283 τήν
2185 4199 2253 4283 ε’νέρ

1462 4349 1538 4408 γειαν
1560 4323 1609 4390 τόν
1627 4322 1731 4406 τρόπω
1750 4321 1876 4388 διετόπω
1894 4334 1954 4397 τοῖς
1970 4326 2119 4408 μακαρίοις
2133 4325 2253 4393 ἀποστό

1461 4455 1519 4522 λοις
1541 4455 1590 4534 τῆς
1610 4449 1686 4515 κατὰ
1708 4449 1853 4533 ἀπόφασιν
1874 4455 2003 4534 μυστικῆς
2016 4453 2168 4536 θεολογίας
2181 4453 2251 4517 καθ’

1461 4576 1494 4661 ἣν
1515 4577 1532 4660 ή
1553 4579 1680 4662 μακαρία
1701 4573 1749 4640 καὶ
1771 4574 1839 4660 ἁγία
1857 4576 1961 4661 θεότης
1979 4577 2039 4644 κατ’
2062 4579 2159 4645 οῦσίαν
2178 4576 2253 4645 ἐστὶν

1461 4702 1651 4789 ῦπεράρρητσς
1665 4700 1713 4768 καὶ
1727 4702 1940 4788 ῦπεράγνωστος
1956 4701 2004 4771 καί
2018 4703 2112 4789 πάσης
2126 4705 2254 4790 ἀπειρίας

1463 4831 1607 4915 ἀπειράκις
1627 4832 1786 4915 έξηρημάιη,
1810 4829 1866 4897 οῦδ
1888 4828 1962 4915 ἴχνος
1980 4827 2052 4906 ὅλως
2066 4833 2255 4917 καταλήμεως

1462 4958 1516 5024 κάν
1542 4959 1628 5043 ψιλὸν
1653 4968 1713 5033 τοῖς
1734 4959 1790 5042 μετ’
1818 4958 1904 5043 αι’πήν
1925 4961 2135 5042 καταλείψασα.
2157 4957 2174 5027 ὁ
2195 4971 2255 5034 τοῖς

1462 5079 1522 5152 οῦσι
1544 5085 1598 5171 γάρ
1618 5111 1701 5169 φησιν
1722 5083 1738 5153 ὁ
1761 5085 1846 5160 αι’πδς
1867 5084 1904 5170 μή
1924 5086 1985 5152 κατ’
2005 5085 2102 5152 οὐσίαν
2119 5085 2254 5171 ὑπάρχων

1462 5214 1616 5298 μεθεκτός,
1642 5213 1702 5278 κατ’
1727 5211 1812 5280 ἀλλω
1833 5211 1863 5278 δὲ
1883 5213 1987 5298 τρόπω
2005 5214 2173 5298 μετέχεσθαι
2195 5225 2255 5289 τοῖς

1463 5342 1622 5426 δυναμένοις
1647 5340 1825 5426 βωλόμενος,
1854 5345 1904 5407 τοῦ
1930 5340 1990 5406 κατ’
2020 5341 2117 5408 οιίσίαν
2137 5343 2253 5426 κρυφίου

1462 5473 1607 5542 παντελῶς
1618 5468 1666 5533 οῦκ
1682 5468 1832 5545 ἐξίσταται,
1848 5467 1933 5536 ὁπότε
1947 5464 1994 5532 καλ
2010 5466 2095 5542 αι’πὸς
2109 5467 2124 5535 ό
2140 5469 2251 5553 τρόπος,
