5284 6620
1974 703 2034 769 123

394 913 518 977 socius:
541 933 619 978 ecce
637 911 702 978 feci
720 920 752 978 ts
772 911 896 976 socium
915 931 1037 994 meum,
1060 910 1116 996 qui
1131 931 1202 974 sum
1216 909 1285 974 vita
1300 910 1452 974 omnium.
1488 907 1596 975 Antea
1610 905 1799 974 ambulabas
1814 909 1848 972 in
1863 907 2000 974 desertis
2008 907 2033 994 1)

393 1060 507 1104 eonnn
529 1059 603 1104 oum
626 1037 701 1103 filiis
722 1036 945 1102 tenebrarum:
968 1060 1044 1102 eccs
1065 1047 1098 1100 te
1113 1034 1279 1101 ambulare
1298 1035 1383 1101 facio
1402 1058 1543 1119 mecum,
1559 1036 1614 1122 qui
1633 1057 1705 1100 sum
1722 1033 1780 1100 lux
1797 1035 1897 1099 totius
1913 1035 2033 1100 mundi.

395 1163 542 1231 Consilia
555 1173 652 1230 antea
665 1163 772 1230 inibas
787 1187 860 1229 cum
876 1163 1062 1228 homicidis:
1085 1184 1162 1229 ecce
1176 1163 1241 1228 feci
1259 1172 1292 1228 te
1313 1163 1438 1228 socium
1457 1185 1581 1246 meum,
1602 1163 1658 1248 qui
1678 1184 1749 1226 sum
1769 1170 1905 1226 creator.
1942 1161 2034 1228 Haec

394 1313 473 1358 vero
498 1293 607 1357 omnia
626 1290 686 1356 tibi
705 1292 807 1376 gratis
828 1290 884 1374 do,
909 1291 985 1377 quia
1004 1290 1173 1354 confessus
1193 1311 1228 1354 es
1249 1288 1451 1355 divinitatem
1469 1313 1576 1354 meam
1594 1289 1629 1353 in
1647 1288 1754 1353 medio
1774 1310 1886 1352 eorum
1908 1289 1964 1374 qui
1982 1311 2034 1354 me

393 1419 565 1504 negabant.
602 1419 672 1506 Ipsi
687 1419 772 1482 enim
786 1416 938 1482 viderunt
952 1417 1088 1482 virtutes
1105 1438 1216 1481 omnes
1233 1438 1313 1502 quas
1329 1416 1406 1498 feci,
1420 1438 1482 1481 nec
1496 1415 1576 1480 mihi
1590 1414 1811 1498 crediderunt,
1833 1424 1870 1479 tu
1884 1437 1963 1480 vero
1979 1416 2035 1502 qui

394 1569 430 1610 es
446 1547 508 1630 fiir,
527 1555 652 1634 raptor,
672 1544 845 1627 homicida,
859 1542 953 1626 latro,
969 1565 1098 1626 avarus,
1114 1542 1323 1608 destructor“
1338 1577 1433 1589 -----
1440 1539 1466 1630 2)
1482 1543 1633 1628 „creavit
1646 1564 1706 1606 nos
1723 1551 1856 1628 propter
1870 1565 1923 1622 res
1938 1541 2034 1606 huius

393 1672 513 1738 mundi.
536 1671 619 1737 Sunt
633 1673 719 1737 enim
733 1693 820 1736 nuno
835 1669 966 1757 quidam
980 1678 1138 1755 negantes
1151 1669 1247 1735 deum
1258 1677 1392 1756 propter
1403 1669 1617 1753 substantias3
1635 1669 1772 1734 avaritia
1783 1669 1867 1734 enim
1880 1677 2035 1734 excaecat
2068 1651 2071 1656 ¹

393 1797 505 1864 oculos
520 1821 633 1865 eorum
648 1800 704 1886 qui
719 1821 791 1864 eam
805 1795 951 1883 diligunt.
974 1794 1033 1861 Ille
1049 1797 1146 1862 stiam
1160 1797 1279 1884 accipit
1292 1805 1428 1884 partem,
1444 1819 1520 1860 nam
1534 1795 1588 1861 hio
1603 1796 1699 1861 etiam
1710 1793 1858 1860 vendidit
1869 1795 2034 1862 dominum

392 1949 452 2012 pro
467 1927 601 2012 triginta
616 1924 812 2011 argenteis.“

497 2053 550 2118 Ab
569 2053 632 2119 hoo
650 2051 726 2118 inde
745 2051 819 2116 loco
839 2059 995 2136 excerpta
1013 2059 1137 2114 tantum
1158 2072 1271 2115 eorum
1289 2050 1423 2114 afferam
1443 2071 1526 2136 quae
1547 2047 1683 2136 Coptica
1704 2051 1825 2136 scripta
1846 2050 1881 2114 in
1901 2051 2034 2137 papyris

394 2189 578 2267 supersunt.
614 2179 696 2244 Post
715 2176 811 2264 plura
829 2175 902 2260 alia,
924 2177 959 2240 in
978 2174 1094 2262 quibus
1116 2175 1157 2240 de
1173 2174 1304 2241 Christo
1322 2175 1484 2264 pendente
1505 2175 1546 2240 de
1565 2198 1662 2241 cruce
1682 2177 1867 2262 exponitur,
1888 2177 2036 2262 pergitur

394 2308 454 2372 sicr
481 2307 623 2390 „Videte
649 2305 759 2372 dilecti
783 2305 862 2388 mei,
893 2301 1064 2369 observate
1090 2303 1348 2368 misericordiam
1373 2303 1428 2368 dei
1456 2301 1577 2367 mundi.
1630 2301 1696 2382 Qui
1724 2303 1823 2367 vestit
1852 2311 2035 2368 ereaturam

394 2456 532 2516 omnem,
547 2433 688 2499 nudatus
704 2433 765 2498 fuit
780 2432 847 2496 suis
862 2429 1019 2513 vestibus,
1035 2431 1160 2516 positus
1176 2430 1238 2495 fuit
1251 2429 1358 2494 nudus
1374 2452 1472 2518 super
1486 2429 1610 2516 lignum
1624 2431 1740 2494 crucis.
1775 2428 1841 2494 Sed
1856 2429 1906 2494 sol
1921 2451 2035 2495 servus

393 2560 537 2648 prudens
550 2561 678 2647 operuit
689 2559 856 2625 dominum
865 2580 958 2622 suum
969 2554 1123 2640 tenebris,
1136 2579 1218 2642 quae
1230 2557 1337 2622 factae
1349 2565 1424 2621 sunt
1436 2555 1541 2621 donec
1553 2554 1777 2622 obtenebravit
1789 2555 1900 2621 oculos
1913 2578 2034 2640 eorum,

394 2709 435 2753 ne
450 2686 600 2753 viderent
613 2709 766 2772 magnum
781 2685 971 2772 mysterium
987 2684 1097 2749 iacens
1113 2684 1147 2748 in
1160 2682 1249 2770 ligno
1266 2684 1386 2766 crucis,
1402 2684 1479 2770 quia
1492 2682 1527 2748 id
1540 2705 1607 2748 non
1621 2681 1837 2748 merebantur.
1870 2682 1935 2764 Qui
1951 2685 2036 2748 enitn

394 2815 511 2899 dignus
532 2823 603 2879 erat
620 2822 656 2878 ut
674 2813 799 2878 videret
816 2811 930 2876 horam
949 2809 1052 2893 illam,
1074 2809 1156 2876 vidit
1175 2809 1445 2898 complementum
1466 2811 1613 2897 mysterii
1635 2811 1813 2876 divinitatis
1836 2811 1915 2874 eius.
1953 2809 2035 2892 Quis

393 2964 472 3007 vero
495 2941 613 3026 dignus
635 2940 697 3005 fuit
718 2960 837 3024 magna
858 2938 921 3003 hac
942 2937 1047 3024 gloria
1067 2939 1102 3002 in
1122 2938 1204 3003 hora
1225 2935 1303 3003 illa?
1333 2937 1510 3003 Videamus
1530 2959 1613 3002 eum.
1649 2937 1748 3002 Pater
1766 2936 1848 3002 vidit
1870 2937 1910 3002 de
1934 2935 2034 3002 coelo.

394 3069 495 3135 Latro
517 3070 614 3134 etiam
630 3067 757 3154 positus
778 3089 878 3152 supra
897 3064 1127 3132 sublimitatem
1146 3065 1252 3129 crucis
1271 3063 1354 3130 vidit
1373 3065 1483 3130 omnia
1501 3087 1583 3150 quae
1603 3064 1820 3148 contigerunt,
1842 3073 1875 3128 et
1892 3064 2036 3149 gavisus,

393 3195 532 3262 laetatus
548 3205 598 3260 est
613 3197 690 3281 quia
704 3217 744 3259 ea
758 3193 849 3258 vidit.
887 3191 969 3273 Quis
991 3213 1069 3257 vero
1090 3214 1164 3257 eum
1183 3189 1287 3256 vidit?
1319 3190 1447 3263 Cohors
1466 3189 1655 3276 angelorum
1675 3191 1888 3262 circumstans
1908 3212 2037 3256 crucem

394 3324 523 3410 hymnis
543 3345 618 3388 eum
636 3319 855 3386 celebrabant.
891 3319 991 3384 Pater
1009 3317 1092 3383 vidit
1110 3319 1151 3383 de
1174 3318 1265 3383 coelo
1289 3317 1474 3403 glorificans
1497 3318 1699 3403 unigenitum
1722 3340 1831 3400 suum,
1854 3339 1910 3382 aer
1933 3319 2037 3382 omnis

395 3449 593 3534 exsultabat,
614 3451 690 3535 quia
704 3469 823 3534 corpus
839 3447 996 3512 creatoris
1013 3447 1064 3510 sui
1077 3442 1250 3531 pendebat.
1288 3445 1392 3510 Terra
1406 3446 1510 3511 omnis
1528 3443 1681 3528 laetatur,
1701 3445 1777 3530 quia
1797 3445 1930 3529 sanguis
1949 3445 2037 3528 regis

395 3578 447 3643 sui
461 3577 583 3642 effusus
601 3584 651 3641 est
665 3597 765 3662 super
779 3595 851 3639 eam
867 3582 899 3639 et
912 3572 1081 3637 mundavit
1096 3595 1177 3636 eam.
1199 3571 1343 3636 Arbores
1360 3593 1472 3636 omnes
1488 3571 1615 3655 florent,
1630 3571 1706 3658 quia
1720 3569 1869 3636 dominus
1885 3570 2040 3658 pependit

395 3727 496 3793 supra
508 3703 633 3790 lignum
648 3703 769 3785 erucis,
790 3699 915 3785 lignum
929 3697 1194 3780 immortalitatis,
1216 3697 1340 3783 lignum
1359 3697 1689 3784 incorruptibilitatis,
1711 3695 1835 3782 lignum
1852 3697 2038 3762 remissoris

393 3841 616 3920 peccatorum,
637 3828 762 3914 lignum
777 3827 952 3908 sanatoris,
974 3825 1099 3911 lignum
1113 3825 1340 3907 vivificatoris,
1362 3824 1485 3910 lignum
1502 3823 1727 3890 fructificantis
1732 3873 1741 3908 ,
1765 3822 1888 3910 lignum
1906 3823 2038 3909 plenum

394 3958 532 4045 requiei,
550 3955 675 4041 lignum
693 3954 824 4042 plenum
842 3953 999 4036 laetitiae,
1023 3952 1147 4037 lignum
1165 3951 1296 4040 plenum
1315 3951 1438 4038 gaudii,
1460 3951 1584 4037 lignum
1602 3949 1735 4038 plenum
1754 3951 1891 4035 gratiae,
1914 3947 2039 4035 lignum

394 4083 526 4171 plenum
542 4081 669 4166 salutis,
691 4081 816 4169 lignum
830 4079 962 4168 plenum
976 4078 1097 4162 laudis,
1120 4078 1244 4165 lignum
1265 4078 1397 4166 plenum
1417 4079 1521 4144 omnis
1539 4079 1665 4163 gratias
1685 4076 1851 4145 aChristo
1865 4076 1960 4161 Jesu,
1984 4078 2039 4163 qui

394 4209 550 4298 pependit
568 4211 602 4274 in
620 4208 709 4294 ligno
729 4207 872 4274 crucis.“
907 4207 973 4272 Per
992 4205 1093 4272 multa
1112 4207 1319 4271 continuatur
1337 4205 1408 4270 laus
1425 4206 1545 4288 crucis,
1567 4215 1604 4268 ut
1624 4253 1643 4288 „
1652 4202 1743 4270 Crux
1758 4215 1808 4270 est
1823 4203 1912 4270 scala
1927 4215 2040 4270 sancta

395 4359 477 4424 quae
494 4336 600 4402 elevat
613 4335 760 4401 homines
776 4334 819 4400 ad
834 4335 969 4400 coelum.
994 4331 1085 4398 Crux
1101 4343 1151 4398 est
1164 4333 1266 4397 vestis
1282 4342 1395 4398 sancta
1406 4353 1503 4419 quam
1514 4332 1623 4398 ferunt
1634 4329 1844 4398 Christiani.“
1861 4330 1975 4416 „Crux
1990 4341 2040 4396 est

381 4463 519 4542 ¹laetitia
538 4463 744 4528 sacerdotum
763 4463 819 4548 qui
838 4463 965 4527 suntin
984 4461 1081 4525 domo
1102 4459 1257 4524 domini.“
1291 4459 1405 4543 „Orux
1427 4467 1477 4525 est
1493 4468 1588 4546 pater
1610 4457 1829 4544 orphanorum
1850 4458 2037 4523 custodiens

396 4589 486 4656 oos.“
514 4589 637 4655 Postea
650 4589 810 4676 pergitur:
827 4587 986 4672 „Vidistis
1003 4595 1124 4674 quanta
1139 4587 1181 4651 sit
1194 4585 1384 4672 magnitudo
1400 4587 1516 4668 crucis,
1532 4586 1602 4650 eius
1616 4585 1720 4649 virtus
1737 4593 1769 4649 et
1782 4581 1936 4670 magnum
1950 4585 2040 4650 auxi-

393 4717 472 4782 lium
488 4715 576 4802 quod
590 4717 652 4781 suit
667 4715 753 4779 omni
769 4725 946 4780 creaturae.
985 4713 1124 4794 Quando
1140 4713 1227 4779 enim
1241 4711 1339 4778 homo
1355 4712 1511 4800 expandit
1525 4735 1639 4778 manus
1656 4733 1732 4778 suas
1748 4709 1791 4776 ad
1804 4719 1917 4798 typum
1933 4712 2039 4776 crucis

395 4855 428 4910 et
448 4852 520 4909 orat
539 4865 612 4908 cum
631 4841 710 4926 fide,
733 4840 842 4928 angeli
856 4839 1028 4906 turbantur
1041 4841 1127 4906 inter
1142 4862 1177 4906 so
1197 4839 1302 4905 donec
1318 4839 1516 4905 concedatur
1531 4841 1561 4904 ei
1578 4840 1683 4925 ipsius
1701 4839 1825 4925 petitio.
1862 4836 2039 4902 Zacharias

397 4971 516 5054 oravit,
540 4967 674 5036 Gabriel
693 4969 754 5034 ivit
772 4967 815 5034 ad
834 4991 907 5033 eum
926 4968 1021 5053 eique
1040 4947 1204 5034 concessit
1223 4967 1292 5032 eius
1311 4967 1511 5054 petitionem.
1539 4965 1707 5032 Johannes
1723 4999 1735 5009 ·
1751 4998 1787 5009 --
1807 4960 1942 5048 ·(deost
1956 4985 2038 5028 unus

396 5093 526 5184 versus)
534 5097 674 5180 „Petrus
686 5096 803 5160 oravit:
821 5092 955 5180 angelus
968 5116 1042 5160 sum
1052 5095 1142 5177 adiit,
1158 5093 1288 5158 vincula
1298 5093 1408 5158 ferrea
1418 5091 1578 5176 dissolvit,
1589 5100 1684 5178 porta
1694 5091 1802 5156 ferrea
1812 5091 1916 5177 ipsius
1928 5099 2040 5177 aperta

396 5224 478 5289 est.“
513 5223 629 5290 Allatis
645 5221 769 5309 aliquot
783 5221 939 5310 exemplis
955 5218 1114 5286 similibus
1130 5219 1261 5286 additur
1279 5218 1413 5303 „Quare
1434 5241 1563 5285 oremus
1583 5216 1670 5284 omni
1687 5227 1834 5304 tompore
1855 5218 1925 5282 sino
1944 5218 2040 5283 inter·

501 5411 523 5473 ¹)¹
530 5407 595 5463 Hoc
607 5425 671 5464 oum
683 5405 763 5462 dubii
776 5401 986 5477 significatione
999 5403 1139 5474 expressit
1148 5403 1315 5474 Peyronius.

373 5483 375 5490 ’
496 5495 515 5556 ²)
529 5492 593 5548 Hoc
605 5493 670 5550 loco
685 5491 791 5547 excidit
802 5489 903 5547 folium
915 5505 1108 5561 papyraceum
1120 5505 1222 5556 unum,
1235 5488 1377 5560 Peyronio
1390 5493 1471 5542 teste.
