5284 6620
598 689 658 754 108

706 898 743 960 Θ.
759 894 923 978 Προηητείιι
937 887 999 976 περὶ
1006 893 1130 975 Χριστοῦ
1144 893 1265 971 ταπεινιβ
1275 889 1394 974 σχήματι
1406 892 1551 972 μιλλιιντος
1564 891 1603 963 είς
1617 889 1666 974 τήν
1675 888 1852 975 Ἰερουσαλήμ
1864 891 1975 954 εἰσιέναι
1990 883 2077 972 (cod.
2087 884 2236 973 εισαεῖνω)

595 1019 639 1086 ἐπὶ
657 1021 751 1086 πῶλον
770 1017 817 1085 καῖ
835 1025 884 1102 τῆς
901 1019 1003 1102 μητρὸς
1023 1018 1124 1094 αὐτοῦ,
1144 1015 1191 1082 καῖ
1210 1017 1378 1102 λαλήσοντος
1397 1017 1501 1102 εἰρήνην
1520 1028 1579 1092 τοῖς
1598 1019 1720 1094 ἐθνεσιν,
1741 1014 1787 1082 καῖ
1804 1017 1875 1099 μετὰ
1893 1020 1985 1081 ταῦτα
2005 1018 2190 1100 λυτρονμῶου.
2205 1014 2238 1080 τὸ

593 1149 728 1231 λείψανον
741 1151 790 1212 τοῦ
803 1145 924 1230 Ἰσραήλ,
939 1142 986 1211 καὶ
1001 1143 1142 1228 δυνάμεως
1156 1147 1293 1228 διδομεῦης
1308 1144 1402 1218 αὐτοῖς
1416 1144 1490 1211 κατά
1504 1148 1560 1209 τῶν
1572 1143 1720 1228 Ἑλλήνων,
1739 1146 1768 1209 ἐν
1781 1147 1891 1226 πολίμφ
1905 1143 2016 1217 οῦδενὸς
2030 1143 2123 1208 αὐτῶν
2138 1145 2166 1208 ἐν
2181 1144 2238 1224 αι’χ-

592 1277 722 1359 μαλωσάγ
736 1276 981 1356 κατολειπομεῦου,
1002 1272 1153 1356 θαλάσσης
1167 1274 1352 1354 διαιρουμένης
1371 1271 1465 1346 αῦτοῖς
1485 1267 1572 1356 (eod.
1588 1267 1687 1355 αὐτῆς)
1707 1268 1754 1336 καὶ
1773 1276 1907 1354 ποταμῶν
1926 1272 2135 1354 ξηραινομεῦων.
2156 1294 2238 1352 προσ-

593 1406 678 1466 δοκᾶν
693 1401 722 1466 δὲ
737 1408 781 1466 δεῖ
790 1405 891 1466 ταῦτα.
906 1401 1027 1466 ἀπὸτοῦ
1038 1407 1132 1482 Χαῖρε
1145 1397 1255 1484 σφόδρα
1269 1398 1397 1483 θυγάτηρ
1412 1399 1500 1476 Σιῶν,
1515 1401 1568 1472 ἕως
1581 1403 1630 1464 τοῦ
1641 1395 1703 1463 Καὶ
1718 1401 1746 1464 ἐν
1760 1403 1800 1479 τῷ
1814 1399 1930 1482 ὀνόματι
1945 1399 2030 1464 αὐτοῦ
2045 1397 2237 1480 καυχήσονται,

592 1533 661 1613 λέγει
674 1529 773 1613 κάρτος.

698 1663 724 1720 Ι.
743 1657 907 1740 ΙΙροφητεία
922 1655 1095 1737 διαλυομόης
1108 1656 1158 1738 τῆς
1171 1652 1241 1734 πρὸς
1254 1653 1291 1718 τά
1306 1653 1376 1736 ἐθνη
1390 1652 1526 1737 διαθήκης
1540 1649 1587 1718 καὶ
1601 1654 1809 1736 ἀνεγειρομεῦων
1823 1652 1948 1737 ἀλλήλοις
1958 1657 2014 1717 τῶν
2025 1651 2237 1735 ἀπιστησάντων

591 1785 699 1860 ἐθνῶν,
720 1785 894 1865 διαλυομιῦης
908 1779 937 1846 δὲ
950 1782 1021 1863 μετὰ
1035 1785 1127 1846 ταῦτα
1141 1777 1188 1845 καλ
1201 1785 1250 1864 τῆς
1263 1780 1333 1864 πρὸς
1348 1780 1396 1846 τὸν
1408 1779 1517 1866 Ἰσραήλ
1532 1777 1579 1844 καὶ
1594 1782 1794 1864 ε’πεγειρομεῦου
1808 1785 1857 1844 τοῦ
1870 1780 2070 1864 Ἀντιχρόστου,
2090 1777 2162 1844 ὅπου
2182 1783 2237 1842 τῶν

591 1909 640 1975 δόο
654 1909 764 1995 ῥάβδων
779 1907 795 1974 ό
810 1909 903 1982 τόπος.
919 1909 1039 1974 ἀπὸτοῦ
1054 1908 1111 1973 Διά
1125 1912 1208 1973 τοῦτο
1221 1908 1254 1972 οῦ
1268 1909 1398 1992 φαίνομαι
1418 1907 1506 1972 ου’κέτι
1527 1904 1572 1972 ἐπὶ
1591 1907 1656 1982 τοῦς
1673 1910 1870 1980 κατοικοῦντας
1888 1906 1939 1992 τήν
1957 1911 2018 1992 γῆν,
2040 1908 2093 1980 ἕως
2111 1909 2160 1971 τοῦ
2175 1902 2237 1970 Καὶ

591 2035 607 2100 ό
621 2037 773 2121 ὀφθαλμὸς
788 2035 873 2100 αὐτοῦ
887 2033 903 2100 ό
918 2036 1005 2113 δεξιός
1015 2035 1228 2119 ἐκτυφλοῦμενος
1242 2034 1494 2119 ἐκτυφλωθήσεται.

697 2165 756 2230 ΙΑ.
782 2163 939 2247 Πρόρρησις
957 2163 1123 2245 πεσσομένης
1140 2165 1192 2245 τῆς
1208 2159 1385 2247 Ἰερουσαλήμ
1402 2159 1449 2226 καῖ
1466 2159 1522 2227 ῦπὸ
1541 2163 1634 2227 ἐθνῶν
1654 2159 1701 2226 καλ
1719 2165 1776 2226 τῶν
1795 2163 1931 2244 πολεμιων
1950 2163 2236 2260 ταπεινωθησομινων

591 2288 638 2355 καὶ
656 2289 790 2374 λειψάνου
809 2292 919 2373 ἰσχυροῦ
937 2293 1085 2372 μενοῦντος
1103 2291 1132 2354 ἐν
1145 2287 1320 2374 Ἰερουσαλήμ
1339 2285 1387 2353 καὶ
1407 2288 1634 2363 κατακαόσοντος
1652 2289 1689 2356 τὰ
1708 2291 1779 2373 ἔθνη
1797 2287 1845 2354 καί
1859 2291 1995 2374 βοηθείας
2008 2293 2079 2354 θεοῦ
2093 2285 2141 2354 καὶ
2155 2287 2236 2372 δόξης

591 2420 750 2500 τιυξομίναυ
768 2415 816 2482 καὶ
830 2417 942 2500 χάριτος
956 2418 1145 2500 δοθησομένης
1158 2426 1217 2490 τοῖς
1230 2415 1399 2494 πιστεύουσι,
1418 2419 1536 2482 κοπετοῦ
1550 2415 1580 2481 δὲ
1593 2415 1707 2500 ἥξοντος
1720 2419 1749 2482 ἐν
1763 2419 1896 2502 ε’πιηανίᾳ
1911 2421 2036 2498 Χριστοῦ
2050 2426 2108 2490 τοῖς
2122 2415 2234 2499 ἀπιστή

589 2571 656 2610 σασι
673 2541 720 2610 καὶ
739 2547 773 2626 τῇ
793 2547 981 2628 χριστοκτονίᾳ
999 2545 1179 2628 συντρέχουσι.
1199 2540 1246 2608 καὶ
1264 2544 1410 2628 πρόρρησις
1429 2543 1600 2628 καθάρσεως
1621 2546 1650 2610 ἐν
1669 2541 1751 2608 ῦδατι
1772 2547 1910 2628 διδομεῦης
1930 2545 2026 2608 ἕπεται
2046 2543 2166 2620 τείποις,
2187 2539 2234 2607 καὶ

589 2673 737 2757 πρόρρησις
748 2671 942 2755 ἀναιρουμιῦης
952 2672 1178 2755 είδωλολατρείας
1188 2667 1235 2735 καὶ
1245 2670 1364 2736 εἰδώλων
1375 2669 1422 2736 καῖ
1433 2673 1690 2756 ψευδοπροφητειας
1698 2671 1799 2755 πάσης.
1807 2671 1866 2737 ἀπὸ
1877 2675 1926 2736 τοῦ
1932 2675 2040 2754 Λῆμμα
2050 2671 2131 2756 λόγου
2143 2671 2234 2754 κυριῦυ

589 2796 634 2864 ἐπὶ
647 2799 695 2865 τόν
708 2798 829 2883 Ἰσραήλ,
848 2801 916 2882 λίγει
930 2797 1031 2882 κῦριος,
1047 2800 1170 2863 ἐκτειῦων
1185 2797 1315 2882 οῦρανόν,
1330 2800 1382 2872 ἕως
1395 2801 1444 2864 τοῦ
1460 2795 1521 2864 Καὶ
1535 2799 1568 2864 τὸ
1583 2801 1691 2882 πνεῦμα
1704 2799 1738 2864 τὸ
1752 2798 1921 2882 ἀκάθαρτον
1935 2800 2027 2882 ἐξαρῶ
2042 2798 2101 2863 ἀπὸ
2114 2802 2164 2880 τῆς
2178 2801 2233 2882 γῆς.

696 2931 751 2990 IB.
780 2925 937 3009 Πρόρρησις
956 2923 1072 2999 πάθους
1092 2929 1217 3008 Χριστοῦ
1238 2922 1285 2990 καὶ
1306 2925 1425 3009 κλήσεως
1446 2927 1539 2991 ἐθνῶν
1560 2922 1608 2990 καὶ
1632 2928 1795 3008 δοκιμασίας
1819 2929 1875 2990 τῶν
1898 2929 2067 3010 σωζομένων.
2101 2925 2159 2990 ἀπὸ
2184 2929 2233 2990 τοῦ

586 3052 727 3138 Ῥομφαία
741 3054 897 3137 ἐξεγερθητι
911 3048 956 3117 ἐπὶ
969 3051 1017 3118 τόν
1031 3055 1147 3134 ποιμένα
1160 3079 1225 3136 μου,
1240 3054 1293 3126 ἕως
1306 3057 1355 3117 τοῦ
1370 3049 1432 3116 Καὶ
1447 3053 1531 3127 αῦτὸς
1545 3055 1603 3134 ἐρεῖ
1613 3051 1717 3137 Κόριος
1730 3053 1747 3118 ό
1762 3052 1832 3126 θεός
1844 3079 1905 3135 μου.

695 3185 748 3245 ΙΓ.
771 3179 927 3264 Πρόρρησις
944 3179 1112 3264 πορθήσεως
1129 3183 1179 3263 τῆς
1190 3178 1380 3264 Ἰερουσαλήμ,
1402 3179 1537 3264 λειψάνου
1556 3179 1586 3245 δὲ
1604 3183 1749 3262 μενοῦντος
1767 3177 1815 3245 καὶ
1828 3180 1899 3264 μετὰ
1913 3183 2004 3245 ταῦτα
2018 3183 2138 3262 πολέμου
2151 3177 2233 3246 θεάιυ

588 3307 662 3374 κατὰ
676 3311 732 3372 τῶν
746 3309 839 3371 ἐθνῶν
853 3309 909 3371 τῶν
922 3305 1135 3390 πολεμησάντων
1149 3304 1197 3372 καῖ
1211 3309 1368 3390 διαιρέσεως
1381 3309 1430 3371 τοῦ
1445 3309 1547 3382 αἰῶνος
1560 3305 1616 3374 ῦπδ
1629 3317 1688 3382 τοῖς
1705 3303 1770 3372 πασῖ
1789 3311 1838 3372 τοῦ
1858 3309 1949 3391 νυρίιω
1967 3310 2006 3382 είς
2025 3309 2149 3390 τίσσαρα
2166 3311 2233 3392 μέρη

587 3432 635 3500 καῖ
657 3434 878 3518 ἀναπληρώσεως
900 3436 939 3508 είς
960 3433 1111 3518 ουνάφειαν
1129 3437 1185 3498 τῶν
1205 3437 1405 3518 μερισθεντων·
1432 3431 1479 3498 καί
1501 3435 1655 3519 προφητεία
1677 3437 1832 3518 παρουσάιις
1853 3439 1976 3518 Χριστοῦ
1989 3435 2060 3518 μετὰ
2075 3439 2131 3498 τῶν
2145 3433 2233 3518 ἁγίων

587 3563 708 3646 ἀγγελων
727 3558 774 3626 καί.
791 3561 953 3634 συστάσεως
972 3565 1020 3626 τοῦ
1039 3561 1140 3644 κόσμου
1158 3562 1229 3646 πρὸς
1245 3563 1312 3644 μιάν
1330 3559 1445 3644 ἡμέραν,
1467 3561 1570 3635 ῦδατος
1589 3561 1708 3638 ἐξιόντος
1726 3564 1757 3638 ἐξ
1773 3560 1950 3648 Ἰερουσαλήμ
1967 3559 2015 3627 καὶ
2034 3562 2168 3644 ἀρδοντος
2186 3563 2232 3627 διά

586 3715 616 3754 τε
626 3693 757 3772 χειμῶνος
770 3686 824 3753 καί
832 3692 934 3772 θέρονς
947 3688 1042 3753 πάντα
1055 3689 1093 3754 τὰ
1107 3691 1173 3773 μίρη
1188 3689 1225 3754 τά
1240 3689 1334 3754 δυτικά
1349 3685 1396 3753 καὶ
1410 3689 1570 3754 ἀνατολικά.
1585 3691 1648 3772 ἑξῆς
1661 3689 1809 3773 πρόρρησις
1819 3689 1996 3775 σεβάσματος
2006 3693 2077 3754 θεοῦ
2088 3689 2125 3755 τά
2136 3689 2232 3754 πάντα

585 3817 758 3893 καθεξοντος
771 3813 818 3880 καὶ
830 3815 1005 3902 Ἰερουσαλήμ
1018 3813 1063 3880 ἐπὶ
1077 3819 1133 3880 τῶν
1145 3815 1228 3900 ὁρίων
1243 3816 1328 3900 αὐτῆς
1341 3818 1508 3900 στησαμένης
1521 3813 1568 3880 καὶ
1581 3819 1675 3900 μηκέτι
1690 3817 1827 3901 ἀνάθεμα
1838 3820 2021 3902 γενησομόης.
2036 3817 2095 3884 ἀπὸ
2105 3821 2154 3882 τοῦ
2162 3818 2233 3882 Ἰδοῦ

585 3943 683 4028 ήμέραι
697 3945 822 4028 ἔρχονται
836 3949 885 4008 τοῦ
899 3946 990 4026 κυρίου
1003 3939 1050 4008 καλ
1065 3943 1308 4027 διαμερισθήσεται
1322 3943 1359 4008 τὰ
1374 3943 1462 4008 σκῦλά
1475 3969 1526 4009 σου
1540 3945 1569 4008 ἐν
1587 3945 1645 4019 σοί,
1669 3945 1721 4017 ἕως
1740 3949 1789 4008 τοῦ
1804 3943 1866 4009 Καὶ
1885 3944 2039 4028 κατοικήσει
2056 3943 2233 4030 Ἰερουσαλήμ

585 4071 773 4144 πεποιθότως.

690 4203 743 4261 ΙΔ.
763 4195 843 4280 Ἐξής
857 4197 955 4282 ἀπειλή
967 4199 1106 4282 ,αιἠνιδιῦν
1119 4195 1166 4262 καῖ
1180 4197 1344 4282 παραδόξου
1358 4201 1521 4282 διαφθορᾶς
1534 4202 1590 4262 τῶν
1604 4197 1830 4280 πολεμησάντων·
1851 4196 1898 4263 καὶ
1912 4199 2059 4284 πρόρρησις
2072 4205 2232 4284 συναγωγῆς

584 4325 702 4389 πλοῦτον
717 4324 823 4398 παντὸς
836 4325 875 4398 εἰς
888 4325 937 4408 τήν
949 4323 1138 4408 Ἰερουσαλήμ,
1156 4321 1203 4389 καὶ
1217 4324 1384 4409 ἀναβάσεως
1402 4327 1495 4389 ἐθνῶν
1515 4327 1555 4398 εἰς
1573 4325 1726 4409 ίορτασμόν
1745 4329 1796 4408 τής
1814 4329 2010 4410 σκηνοπηγίιις,
2033 4323 2081 4391 καῖ
2101 4331 2232 4410 τιμωρίας

585 4447 671 4535 (eod.
687 4447 817 4534 τιμωρία)
837 4455 893 4516 τῶν
911 4451 948 4536 μή
968 4451 1113 4528 ἀνιόντων,
1135 4448 1183 4516 καὶ
1200 4453 1307 4525 παντὸς
1325 4455 1428 4534 χαλκοῦ
1447 4455 1647 4536 παραλείιγεως
1665 4455 1705 4526 είς
1724 4453 1844 4537 λεβήτων
1862 4453 2035 4539 κατασκευήν
2048 4459 2105 4518 τῶν
2120 4453 2165 4520 ἐπὶ
2180 4457 2232 4529 τὰς

583 4579 689 4651 θυσίας
702 4577 937 4660 εῦτρεπιζυμεῦων.
952 4579 1011 4644 ἀπὸ
1024 4583 1074 4643 τοῦ
1086 4575 1148 4643 Καὶ
1159 4577 1228 4661 αῦτη
1240 4579 1318 4644 ἐσται
1328 4577 1345 4662 ή
1356 4583 1460 4652 πτῶσις
1471 4578 1503 4662 ἣν
1514 4580 1597 4664 κόψει
1607 4580 1697 4664 κύριος
1707 4579 1818 4654 πάντας
1828 4581 1894 4654 τοῦς
1903 4581 1996 4657 λαοός,
2007 4583 2060 4656 ἐως
2069 4587 2119 4647 τοῦ
2130 4585 2231 4656 τελονς.

1205 4812 1260 4879 ΕΝ
1278 4811 1342 4880 ΤΩ
1361 4811 1607 4880 ΜΑΛΑΧΙΗΛ.

688 4965 731 5025 Α.
766 4961 825 5024 Τὸν
845 4960 945 5044 Ἰακὼβ
967 4959 1110 5044 ήγάπησα,
1134 4959 1182 5024 τόν
1204 4959 1234 5025 δὲ
1250 4958 1345 5026 Ἡσαῦ
1367 4962 1498 5044 ἐμίσησα,
1520 4958 1567 5025 καὶ
1585 4961 1656 5044 μετὰ
1678 4965 1770 5026 ταῦτα
1792 4963 2025 5047 Ἐπιθηθήσετια
2050 4963 2144 5037 αὐτοῖς
2167 4963 2231 5044 ῦρια

581 5088 707 5170 ἀνομίας,
722 5083 769 5151 καί
782 5087 852 5161 λαὸς
866 5087 906 5172 ἐφ’
924 5086 956 5151 ὃν
969 5089 1183 5172 παρατέτακται
1197 5087 1287 5170 κῦριος
1301 5089 1354 5161 ἕως
1368 5090 1477 5164 αἰῶνος,
1492 5084 1540 5153 καὶ
1554 5090 1652 5174 ιἠεξής
1666 5089 1699 5154 τὸ
1713 5086 1775 5174 περὶ
1790 5092 1846 5154 τῶν
1861 5091 1954 5155 ἐθνῶν
1969 5093 1997 5154 ἐν
2012 5089 2053 5163 οίς
2066 5087 2149 5174 ηησῖν
2160 5091 2230 5155 εἶναι

580 5217 685 5280 θυσίαν
699 5213 775 5294 αῦτηῦ
789 5215 926 5298 καθαρὰν
940 5211 987 5278 καί,
1000 5217 1071 5298 με’γα
1084 5214 1117 5280 τὸ
1130 5214 1219 5297 ὄνομα
1234 5214 1320 5280 αὐτοῦ
1335 5216 1363 5279 ἐν
1379 5215 1485 5291 αὐτοῖς,
1506 5217 1534 5280 ἐν
1549 5215 1579 5280 δὲ
1591 5217 1772 5301 Ἰσραηλίταις
1785 5215 1823 5302 μή
1837 5219 1906 5282 είναι
1920 5221 2032 5300 θελημα
2047 5216 2133 5280 αὐτοῦ
2138 5266 2147 5292 ,
2166 5243 2230 5299 προ

579 5341 734 5426 εισαγαγών
747 5341 833 5406 τόπον
847 5341 894 5407 τὸν
904 5339 998 5406 Ἡσαῦ
1012 5339 1060 5406 καὶ
1074 5341 1138 5416 τοῦς
1150 5341 1327 5424 Ἰδουμαιους,
1342 5343 1475 5428 ἐπήγαγεν
1489 5343 1539 5430 τήν
1553 5348 1602 5409 τοῦ
1611 5343 1722 5430 Ἰσραήλ
1737 5344 1857 5430 ἐκβολήν,
1873 5343 1945 5408 ῶστε
1958 5345 2026 5408 εἶναι
2042 5343 2128 5408 τόπον
2143 5345 2230 5410 αὐτοῦ

579 5469 627 5532 τὸν
640 5467 734 5533 Ἡσαῦ
749 5467 832 5533 καθά
847 5465 893 5533 καί
908 5469 988 5552 παρὰ
1002 5472 1043 5550 τῷ
1058 5469 1175 5550 Παόλφ.
1195 5469 1254 5536 ἀπὸ
1269 5475 1318 5553 τῆς
1333 5469 1419 5554 ἀρχῆς
1433 5473 1485 5545 ἕως
1498 5474 1548 5536 τοῦ
1561 5469 1656 5554 ’Υμιῖς
1670 5470 1700 5536 δὲ
1714 5474 1872 5556 ἐβεβηλοῦτε
1887 5471 1964 5535 αότό.
