5284 6620
2012 720 2053 785 83

406 925 506 1009 χρόνον
513 923 552 1009 1)·
577 921 694 1011 αύτδςδ)
714 929 807 990 ταῦτα
826 924 951 997 ἀκούσας
969 924 1139 1008 ἀπεκρίνατο
1156 923 1202 988 Σύ
1215 925 1242 989 εἰ
1256 921 1305 1006 μὲν
1323 925 1467 1008 ἱστορήσω
1484 923 1523 990 τὰ
1536 923 1654 1008 ἡμέτερα
1673 922 1720 990 καλ
1737 935 1843 1007 μαθεῖν
1861 924 1894 988 τὸ
1916 925 2054 1007 συμφέρον

407 1056 514 1126 θέλεις,
537 1053 654 1136 ιξαντής
672 1079 718 1134 μοι
738 1047 825 1136 (eod.
840 1049 887 1138 με)
903 1051 1087 1134 σύμπλενσον·
1108 1053 1136 1116 εἰ
1147 1049 1177 1116 δὲ
1190 1048 1255 1135 ούλ)
1270 1047 1405 1136 βούλειλ),
1428 1051 1523 1117 ελθούν
1538 1052 1649 1134 ε’πιστής
1662 1050 1740 1135 ήμῖν,Ι
1761 1051 1814 1135 ἐγώ
1828 1051 1882 1134 γὰρ
1897 1049 1992 1134 αύριον
2005 1076 2054 1116 πο

407 1181 546 1262 ρεύσονμαι
552 1176 579 1266 ⁵)
596 1177 641 1244 ἐπὶ
655 1179 693 1244 τὰ
708 1179 834 1262 ε’μαντού.
864 1177 912 1244 καλ
926 1178 959 1263 δή
975 1177 1158 1261 ἀδυσώπητον
1173 1177 1239 1243 ι’δοδν
1253 1183 1395 1262 σννήλθον
1409 1178 1486 1258 αύτῷ
1499 1180 1576 1262 μέχρι
1589 1183 1639 1244 τού
1652 1180 1759 1261 λιμένος
1774 1186 1834 1242 eto.

512 1304 631 1370 Homil.
647 1304 677 1389 I,
696 1307 744 1370 17.
761 1301 818 1391 (of.
835 1305 885 1369 ed.
901 1305 1016 1369 Dress.
1032 1327 1107 1392 pag.
1123 1301 1190 1392 40.)
1206 1303 1254 1370 καὶ
1268 1307 1299 1380 εἰ,
1315 1307 1346 1370 τί
1354 1307 1428 1370 ποτέ
1438 1307 1511 1371 ἐστιν
1525 1308 1632 1372 δύιαιον
1645 1302 1693 1370 καὶ
1708 1301 1857 1390 doronem)
1872 1311 1947 1385 θεῷ·
1969 1303 2016 1370 καὶ
2030 1306 2056 1369 εἰ

406 1437 513 1519 γε’γονεν
527 1433 544 1500 ὁ
558 1431 704 1520 κόσμοςλ),
719 1431 767 1498 καλ
781 1433 828 1498 διὰ
842 1436 873 1499 τί
883 1435 986 1517 γέγονε·
1005 1431 1053 1498 καλ
1067 1435 1093 1498 εἰ
1105 1433 1138 1498 ού
1150 1433 1316 1516 λυθήσεται,
1331 1429 1379 1496 καλ
1393 1434 1419 1497 εἰ
1430 1433 1595 1516 λυθήσεται·
1610 1431 1659 1499 καὶ
1672 1433 1699 1498 εἰ
1709 1435 1840 1516 κρειπτοιν
1854 1433 1945 1508 ἔσται,
1960 1432 1976 1516 ἢ
1991 1431 2054 1498 midi

322 1631 325 1636 ¹
407 1561 498 1626 ἔσται·
512 1558 561 1626 καλ
575 1559 621 1625 ἵνα
634 1559 670 1644 μή
686 1559 719 1628 τὸ
733 1561 794 1626 κατ’
812 1562 883 1633 είδος
897 1562 976 1644 λέγω,
990 1560 1082 1626 ταῖτνὶ
1096 1586 1126 1625 τε
1132 1555 1158 1646 8)
1174 1557 1222 1624 καλ
1236 1558 1274 1624 τοὶ
1288 1559 1395 1632 τούτοις
1408 1559 1530 1641 ἑπόμενα
1542 1568 1648 1643 μαθεῖν
1661 1557 1766 1644 ἤθελον
1771 1555 1807 1644 ⁹).
1829 1557 2005 1643 ὁδὲΠέτρος
2013 1555 2052 1644 ¹⁰)

406 1687 478 1770 πρὸς
491 1693 584 1752 ταῦτα
600 1688 770 1770 ἀπαιρύατο
786 1687 940 1771 Σνντύμοις
953 1713 1006 1763 σοι,
1021 1682 1044 1752 ὦ
1058 1687 1159 1771 Κλήμη
1168 1683 1216 1772 ¹¹),
1230 1685 1281 1771 τήν
1294 1691 1351 1750 τῶν
1365 1683 1454 1752 ὄντων
1468 1691 1567 1770 γνῶσιν
1581 1687 1747 1770 παρεξομαι·
1763 1684 1811 1752 καὶ
1824 1686 1863 1752 τοὶ
1876 1691 1925 1751 νύν
1938 1686 2054 1770 ἐξαυτῆς

406 1813 533 1880 ἄκουσον.
577 1813 700 1878 XVIII.
719 1808 765 1878 ‘H
774 1819 824 1879 τού
838 1819 910 1880 θεοῦ
924 1813 1007 1900 βουλή
1023 1815 1051 1878 ἒν
1066 1814 1160 1897 ἀδήλῳ
1174 1815 1265 1898 γε’γονε
1279 1813 1354 1878 κατὰ
1368 1811 1488 1886 πολλούς
1501 1813 1622 1896 τρόπους
1634 1823 1694 1886 τοῖς
1709 1810 1931 1900 ἀνθρώποιςλδ).
1953 1813 2053 1897 τὰμὲν

405 1947 507 2022 πρῶτα
520 1939 567 2006 διὰ
581 1939 615 2006 τδ
629 1945 804 2024 κρατηθῆναι
820 1939 966 2027 αύτοδςη)
983 1943 1120 2025 εἰσαγωγῇ
1134 1947 1219 2023 κακή,
1238 1943 1391 2025 συντροφίρ
1405 1944 1527 2024 πονηρᾷ,
1549 1943 1686 2024 συνηθείᾳ
1705 1946 1790 2024 δεινή,
1812 1941 1904 2024 ordiri:
1922 1941 1955 2006 ού
1973 1947 2052 2024 καλή,

405 2069 542 2150 προλήψει
557 2067 606 2133 ούκ
620 2067 708 2150 ὀρθή·
724 2065 772 2132 καὶ
783 2065 818 2152 ¹¹)
835 2069 882 2134 διὰ
896 2075 988 2134 ταύτα
1002 2070 1102 2151 πλάνη,
1118 2069 1215 2134 ἔπειτα
1223 2065 1262 2154 ¹⁵)
1279 2069 1400 2152 ἀφσβιά,
1416 2067 1546 2141 ἀπιστία,
1561 2070 1689 2152 πορνειά,
1704 2071 1886 2152 φυλαργυρία,
1900 2071 2052 2145 κενοδοξία

406 2193 453 2260 καλ
468 2193 542 2260 σ’λλα
556 2199 674 2260 τοιαῦτα
688 2193 763 2260 κακὰ
777 2199 861 2280 μυρία
868 2193 918 2281 ¹⁶).

510 2320 630 2385 Homil.
646 2320 690 2405 II,
708 2323 735 2385 1.
753 2318 809 2407 (cf.
824 2321 874 2387 ed.
885 2321 999 2386 Dress.
1012 2344 1087 2408 pag.
1095 2321 1162 2404 45)
1177 2319 1225 2388 καλ
1239 2321 1346 2405 μαδοδν
1359 2321 1409 2386 τὸν
1424 2324 1536 2405 Πέτρον
1550 2321 1718 2406 ἐγρηγορότα
1732 2319 1852 2395 καὶτοῖς
1866 2327 1977 2390 συνοῦσι
1989 2320 2053 2406 περὶ

406 2452 557 2532 θεολογίας
563 2446 602 2534 ¹⁷)
618 2450 817 2533 διαλεγόμενον,
832 2451 859 2516 οἳ
872 2444 944 2533 ήσαν
958 2451 1026 2514 δέκα
1040 2447 1088 2514 καλ
1102 2450 1132 2527 ἕξ
1140 2447 1190 2536 18),
1204 2444 1244 2515 σύν
1258 2448 1357 2515 καὶτὰ
1371 2449 1498 2532 ὀνόματα
1506 2445 1544 2534 ¹⁹)
1561 2449 1680 2531 ε’κδήναι
1694 2448 1894 2534 ἐβουλευσάμην
1900 2445 1940 2534 ¹⁰)
1956 2489 1966 2500 ·
1980 2491 1989 2500 ·
2004 2447 2052 2530 καὶ

405 2576 544 2658 Λάζαρος
558 2575 574 2643 ὁ
589 2576 686 2658 ἱερεύς,
701 2575 734 2642 ὃν
749 2577 897 2660 ἀνέστησεν
912 2578 941 2641 ἐκ
955 2581 1058 2660 νεκρῶν
1072 2578 1255 2661 τετραήμερον
1269 2576 1285 2642 ὁ
1299 2577 1390 2660 κύριος
1403 2574 1480 2659 ήμῶν
1492 2575 1625 2659 Ἰρσούςὸ
1641 2573 1823 2662 Χριστόςδλ).

510 2702 630 2767 Homil.
646 2702 694 2786 H,
710 2703 749 2767 21
767 2725 815 2788 sq.
832 2699 888 2786 (cf.
905 2703 955 2768 ed.
971 2702 1086 2766 Dress.
1102 2727 1133 2790 p.
1149 2701 1216 2788 57.)
1232 2705 1259 2772 οἱ
1272 2701 1302 2769 δὲ
1315 2703 1365 2770 τὸν
1378 2703 1450 2768 θεὸν
1462 2701 1666 2786 μαρπνριὶμενοι
1683 2701 1766 2786 γηδὲν
1785 2704 1954 2788 ψαλσασθαι
1973 2705 2052 2782 ἐξετί-

405 2839 499 2895 θεντο.
522 2825 608 2916 σύνῖῗ)
624 2837 736 2915 πρῶτος
750 2830 765 2896 ὁ
779 2831 910 2906 Ἀκύλας
923 2830 1028 2914 ήρξατο
1041 2831 1126 2915 λέγειν
1140 2828 1235 2903 ούτως.

511 2955 630 3021 Homil.
645 2957 688 3038 Π,
704 2957 755 3020 27.
773 2955 828 3040 (ef.
845 2957 960 3021 Dress.
976 2979 1050 3043 pag.
1067 2955 1133 3045 62.)
1162 2963 1264 3024 Ταύκα
1277 2961 1330 3023 τού
1342 2957 1448 3023 Ἀκύλα
1462 2956 1617 3030 εἰπόντοςδ
1633 2955 1754 3040 ἀδελιρδς
1768 2956 1985 3041 αύτούΝνιήτης
2000 2959 2051 3042 ἔφη

403 3084 572 3166 Ἀναγκαῖόν
586 3084 672 3158 ε’στιν,
688 3081 790 3167 dode&
804 3083 881 3167 ήμῶν
895 3081 1055 3170 Κλήμηῖῧ),
1070 3085 1108 3150 τὰ
1123 3086 1357 3168 παραλειφθεντα
1370 3089 1410 3165 τῷ
1423 3084 1528 3168 Ἀκύλη
1543 3082 1589 3167 ἐμὲ
1601 3079 1812 3168 ύπομνήσαιδλ).

471 3313 488 3374 ¹)
502 3307 550 3363 Sie
568 3309 658 3365 codex
675 3315 788 3379 nostro,
806 3309 906 3364 addita
922 3317 992 3366 nota
1007 3311 1037 3364 in
1050 3310 1191 3382 margine:

404 3413 445 3464 γρ.
456 3399 521 3460 βίον.
545 3393 608 3448 cot.
621 3401 650 3449 et
662 3395 712 3448 Dr.
725 3401 792 3462 βίον,
805 3396 856 3448 sed
869 3411 903 3450 ex
915 3395 992 3466 Epit.
1004 3397 1099 3467 χρόνον
1114 3411 1191 3450 assu·

405 3479 539 3533 mendum
552 3497 615 3534 esse
627 3479 683 3533 iam
695 3479 831 3534 Davisius
844 3486 1001 3534 monuerat.

468 3567 487 3630 2)
501 3559 562 3620 cot.
576 3571 605 3619 et
616 3565 667 3618 Dr.
678 3564 693 3619 ὁ
707 3569 733 3618 δέ
744 3582 796 3636 pro
809 3565 896 3624 αὐτός.

468 3653 487 3712 ³)
501 3647 563 3702 Cot.
576 3655 605 3703 et
615 3650 666 3703 Dr.
677 3651 723 3720 μή.
747 3650 819 3704 Item
831 3650 964 3720 Epitome
977 3649 1056 3703 XIII.

467 3738 490 3804 ⁴)
508 3734 534 3787 A
550 3735 639 3802 βούλει
654 3737 748 3806 priore
765 3735 803 3789 ad
818 3736 907 3802 βούλει
922 3735 1041 3789 alterum
1059 3733 1192 3788 librarius

406 3819 595 3874 transilivisse
611 3820 735 3888 videtur,
753 3821 776 3873 si
793 3819 921 3874 videmus
938 3825 1045 3872 textum
1059 3817 1192 3873 Cotelerii

406 3909 436 3957 et
446 3903 595 3958 Dresselii.
613 3904 657 3958 Ibi
672 3906 746 3959 enim
760 3906 899 3978 sequitur:
916 3904 950 3957 τὰ
963 3905 1031 3956 ἄλλα
1042 3912 1137 3971 σημεῖα
1147 3905 1193 3970 τῆς

405 3988 524 4054 οἰκήσεώς
534 4011 587 4058 μου
599 3994 643 4043 καλ
655 3981 688 4042 ὧν
700 3993 784 4049 θέλεις
795 3990 843 4054 ἐγώ
855 4009 898 4042 σοι
909 3990 1020 4059 σήμερον
1029 3993 1084 4060 δρῶ,
1097 3989 1139 4041 λ’να
1149 3985 1191 4040 ὅτε

403 4073 499 4139 βούλει.

468 4161 488 4222 ³)
501 4179 520 4211 ιι
532 4175 619 4229 supra
631 4159 769 4228 seriptum
781 4157 870 4214 habet
881 4180 905 4212 ο.
924 4158 985 4214 Cot.
996 4165 1026 4212 et
1034 4158 1084 4212 Dr.
1094 4157 1191 4228 πορεύ-

403 4263 492 4312 σογιαι

466 4333 487 4392 ⁶)
498 4333 542 4382 καλ
555 4327 663 4399 ἀρέσκον
674 4327 741 4398 (hoo
753 4335 876 4383 accentu
888 4329 950 4400 ipse
961 4328 1075 4400 codex):
1090 4325 1152 4383 Cot.
1162 4331 1192 4382 et

403 4412 454 4468 Dr.
465 4412 482 4480 ή
494 4413 602 4484 ἀρίστου
613 4413 673 4478 (Dr.
685 4413 783 4483 ἅρεσκ.)

365 4495 367 4500 ’
466 4502 485 4564 ⁷)
499 4497 561 4553 Cot.
574 4503 602 4553 et
614 4499 663 4552 Dr.
675 4503 760 4562 γέγονε
773 4499 878 4568 κόσμος.

466 4589 486 4648 ⁸)
498 4583 543 4638 Ita
556 4600 620 4637 oum
634 4583 841 4652 Ottobonian03
853 4583 944 4638 Paris.
957 4600 1012 4638 om.
1025 4603 1061 4635 τε.

465 4673 485 4734 ¹³)
498 4667 543 4722 Ῑδθ
561 4685 624 4722 eum
642 4668 788 4740 Epitorne3
808 4667 870 4722 Cot.
889 4675 918 4722 et
935 4667 984 4724 Dr.
1001 4675 1101 4737 γιαθελν
1117 4667 1191 4720 εἶπον

403 4757 495 4807 θέλειν.

454 4841 484 4904 ¹⁰)
498 4838 608 4893 Nomen
624 4839 724 4908 Πίερος
741 4839 818 4908 apud
835 4837 898 4892 Cos
916 4844 945 4892 et
960 4837 1011 4892 Dr.
1029 4839 1116 4893 deest.
1146 4835 1189 4891 Cf.

402 4923 544 4978 variantes
559 4917 697 4977 lectiones
710 4923 747 4976 ad
758 4923 835 4992 Epit.
848 4923 888 4976 16.
901 4927 1025 4977 notatas.

454 5009 485 5076 ¹¹)
497 5007 544 5062 Ita
556 5023 620 5061 oum
632 5008 780 5077 Epitome3
794 5006 855 5062 Cot.
868 5013 897 5060 et
908 5006 959 5060 Dr.
971 4998 990 5059 δ
1002 5007 1117 5076 Κλήμης.

456 5095 483 5158 ¹²)
495 5101 551 5151 τοῖς
562 5091 728 5164 ἀνθρώποιςε
741 5093 782 5146 ita
794 5108 858 5144 cum
867 5091 1013 5161 Epitome3
1027 5090 1088 5147 Cot.
1100 5099 1129 5145 et
1138 5089 1188 5144 Dr.

402 5179 544 5231 omittunt.

453 5265 483 5329 ¹³)
495 5262 541 5316 lta
553 5279 650 5315 rursus
663 5278 726 5314 oum
737 5259 878 5329 Epitome,
890 5260 944 5314 nisi
956 5261 1032 5331 quod
1044 5264 1135 5330 πρῶτα
1143 5265 1189 5329 μέν

400 5365 452 5417 pro
465 5347 500 5400 τοὶ
511 5367 539 5416 γι
551 5365 595 5416 πρ.
607 5345 703 5400 habet.
734 5345 796 5400 Cot.
808 5361 876 5398 vero
890 5351 919 5398 et
930 5345 981 5397 Dr.
994 5345 1128 5398 omittunt
1144 5346 1187 5398 διὰ

399 5433 429 5484 τύ
443 5453 481 5502 κρ.
493 5431 551 5485 αύτ.
581 5431 677 5504 Atque
690 5430 739 5485 ille
752 5430 867 5502 quidem
879 5429 975 5499 pergit
986 5430 1113 5495 είσαγαγή
1125 5431 1188 5497 κακή

399 5534 490 5587 usque
503 5517 632 5588 πρόληψις
645 5515 690 5568 οὐκ
702 5516 773 5586 ὀρθή
777 5539 788 5578 ,-
800 5513 829 5568 ἰο
841 5515 904 5569 eod.
913 5531 980 5568 vero
993 5512 1187 5569 Ottoboniano

1264 3309 1395 3382 pergitur
1407 3313 1533 3382 εἰσαγωγῇ
1543 3313 1607 3382 κακή
1619 3315 1775 3380 συντροφίας
1786 3315 1910 3381 πονηρᾶς,
1922 3316 2050 3380 σννηθείᾳ

1265 3397 1341 3466 δεινή,
1353 3393 1396 3464 ὀμ.
1408 3394 1439 3447 ού
1450 3397 1527 3466 καλή,
1539 3395 1669 3465 προλήψει
1680 3395 1725 3448 ούκ
1737 3394 1815 3466 ὀρθῇ.

1317 3483 1348 3540 ¹⁴)
1360 3484 1405 3532 καί
1415 3497 1478 3534 cum
1490 3479 1638 3550 Epitome3
1651 3479 1713 3537 cot.
1726 3487 1755 3535 et
1765 3480 1816 3536 Dr.
1828 3481 1973 3536 omittunt.

1317 3565 1348 3635 15)
1361 3569 1449 3617 ίπειτα
1461 3582 1525 3618 eum
1537 3565 1684 3636 Epitom83
1697 3564 1759 3620 Cot.
1772 3571 1800 3620 et
1810 3565 1861 3621 Dr.
1874 3565 2015 3622 omittunt.

1319 3649 1348 3720 ¹⁶)
1362 3646 1424 3704 Cot.
1442 3653 1470 3704 et
1485 3649 1536 3705 Dr.
1546 3669 1607 3720 μυρ.
1620 3651 1695 3703 nond.
1724 3649 1856 3720 Epitome
1872 3665 1953 3718 vero,
1971 3655 2048 3720 post-

1265 3751 1350 3806 quam
1370 3750 1422 3802 pro
1443 3735 1627 3790 nominativis
1647 3735 1733 3804 πλάνη
1749 3733 1850 3802 ἀφσβία
1865 3739 1919 3788 etc.
1937 3735 2048 3788 dativos

1264 3817 1367 3872 habuit
1375 3818 1460 3890 πλάνη
1469 3819 1569 3887 ἀφοβίρ
1578 3825 1633 3874 ete.
1642 3819 1748 3891 pergit:
1762 3823 1805 3872 καλ
1814 3819 1901 3878 ἄλλοις
1908 3821 2049 3882 τοιούτοις,

1264 3902 1283 3956 δι’
1295 3903 1327 3970 δή
1338 3903 1478 3973 καθάπερ.

1316 3991 1347 4051 ¹⁷)
1355 3987 1401 4042 Ita
1410 4005 1474 4042 cum
1485 3985 1695 4057 Ottobonian03
1707 3987 1788 4042 Paris
1797 3993 1959 4056 θεοσεβείας,
1970 3991 2048 4060 quod

1264 4073 1292 4126 in
1311 4073 1402 4126 nostri
1420 4072 1528 4126 codicis
1540 4073 1669 4144 margine
1681 4073 1710 4126 in
1723 4072 1799 4128 hune
1810 4073 1925 4128 modum
1941 4075 2047 4128 adseri·

1262 4157 1354 4211 bitur:
1366 4177 1406 4228 γρ.
1417 4161 1461 4210 καὶ
1472 4163 1633 4226 θεοσεβείας.
1651 4158 1746 4212 Etiam
1755 4157 1831 4229 Epit.
1840 4159 1881 4214 20.
1894 4165 2048 4228 θεοσεβείας

1262 4249 1366 4296 tuetur.

1315 4332 1344 4391 ¹⁸)
1357 4325 1420 4381 dot.
1439 4332 1469 4382 et
1484 4326 1535 4381 Dr.
1549 4327 1685 4384 omittunt
1698 4334 1749 4382 καί.
1772 4327 1848 4398 Epir.
1860 4331 1992 4384 ἑκκαίδεκα
2002 4329 2048 4384 τὸν

1262 4412 1388 4483 ἀριθμόν.

1314 4502 1344 4563 ¹⁹)
1358 4495 1419 4552 Ooa
1429 4503 1459 4552 et
1467 4497 1518 4550 Dr.
1528 4497 1639 4552 addunt
1648 4497 1681 4558 ιύς
1690 4499 1798 4552 λκαστον
1810 4496 1919 4563 (ottob.
1926 4499 2046 4562 ίκολστου)

1262 4586 1317 4650 ἑξῆς
1328 4582 1424 4653 χρόνον
1433 4582 1538 4652 μαθιύν.
1561 4581 1636 4636 Tum
1647 4583 1733 4637 iidem
1745 4590 1868 4638 ίκθεῖναι.

1312 4671 1343 4734 ²⁰)
1360 4667 1417 4722 Pro
1434 4665 1479 4720 his
1496 4666 1642 4737 Epitome:
1663 4662 1697 4721 ὧν
1711 4672 1755 4722 καλ
1770 4668 1805 4722 τδ
1820 4667 1857 4721 δν.
1884 4673 1933 4722 είσι
1947 4671 2045 4722 ταῦτα·

1261 4757 1393 4819 Ζακχαῖος
1406 4757 1459 4806 eto.

1311 4839 1344 4908 ²¹)
1353 4837 1434 4892 Haeo
1445 4836 1598 4892 admodum
1608 4837 1781 4892 conveniunt
1790 4853 1853 4890 oum
1861 4837 1994 4906 Epitome
2003 4837 2045 4907 20,

1261 4921 1317 4975 nisi
1330 4922 1408 4992 quod
1420 4919 1435 4976 ὁ
1448 4929 1514 4976 ante
1529 4921 1642 4992 Χριστός
1659 4921 1777 4988 omittit3
1796 4919 1858 4974 Cot.
1870 4937 1938 4976 vero
1955 4927 1984 4976 et
1994 4922 2045 4977 Dr.

1262 5007 1299 5061 ad
1310 5007 1434 5077 Λάζαρος
1445 5006 1517 5061 nihil
1530 5008 1641 5062 addunt
1652 5011 1765 5077 praeter
1776 5010 1802 5057 oi
1813 5011 1893 5076 ἱερεῖς.

1312 5091 1346 5162 ²²)
1358 5081 1404 5143 ὧνε
1418 5089 1480 5146 Cot.
1494 5097 1523 5146 et
1533 5090 1584 5146 Dr.
1598 5089 1637 5150 ὥς.
1660 5089 1793 5145 Ceterum
1805 5089 1841 5144 ab
1854 5090 1900 5143 his
1911 5091 2044 5160 Epitome

1260 5174 1330 5228 satis
1348 5173 1462 5240 differt,
1478 5176 1566 5230 habet
1582 5175 1657 5230 enim
1669 5180 1696 5228 οἱ
1707 5177 1733 5228 δλ
1743 5193 1767 5228 τ.
1780 5182 1811 5228 θ.
1819 5195 1847 5244 γι.
1858 5179 1937 5246 μηδὲν
1947 5195 2044 5248 παρεκ-

1260 5263 1341 5312 κλῖναι
1351 5264 1397 5328 τῆς
1409 5259 1547 5328 ἀληθείας,
1559 5257 1626 5314 σύτο)
1634 5259 1669 5312 τὰ
1678 5259 1731 5313 κατ’
1742 5259 1985 5321 αύτδκίξετίθεντο.
2000 5268 2045 5318 καλ

1259 5349 1361 5414 πρῶτος
1372 5349 1425 5404 etc.

1309 5433 1341 5495 ¹⁸)
1354 5428 1452 5484 Codex
1462 5430 1566 5498 Κλήμη.
1590 5427 1652 5484 Cot.
1665 5435 1694 5484 et
1706 5429 1755 5484 Dr.
1767 5429 1883 5500 Κλήμης.

1310 5517 1341 5581 ²⁴)
1355 5512 1398 5568 cf.
1411 5513 1532 5570 adhaec
1545 5513 1619 5584 Epir.
1632 5515 1673 5570 28.

1690 5637 1738 5686 11*
