5244 6618
1984 645 2027 712 39

480 853 553 921 Fol.
570 853 662 921 7—9.
685 859 734 920 τοῦ
749 852 835 918 αι’ποῦ
849 853 1005 918 παλιναδία
1020 848 1064 916 ἐπὶ
1078 851 1189 934 σμόρνη,
1206 849 1247 914 cf.
1262 848 1410 914 Dindorf
1420 847 1469 914 1.1.
1485 872 1517 936 p.
1527 849 1599 913 429.
1622 848 1742 936 Incipit
1754 848 1829 933 Ἐμοὶ
1847 848 1877 915 δὲ
1890 845 1913 916 ol
1929 849 2027 936 ἄνδρες

377 983 485 1067 ελληνις
498 990 531 1047 ct
544 981 656 1046 finitur
670 982 699 1046 έν
714 980 805 1064 ίλλησι
823 983 871 1045 νῦν
885 977 915 1044 δὲ
928 975 976 1044 καὶ
988 974 1111 1062 ὕστερον.
1157 975 1256 1042 Circa
1275 976 1374 1042 finem
1387 977 1422 1040 in
1437 975 1509 1042 cod.
1525 983 1639 1041 nostro
1655 985 1705 1041 ast
1719 977 1840 1061 ίλλῆνια,
1854 978 1933 1042 item
1947 978 2026 1046 τόνδε

376 1137 401 1176 τ.
417 1109 539 1194 οἰκισμόν
553 1107 615 1194 ῆμίν
630 1114 701 1174 δευτ.
716 1108 802 1191 όμειν.
817 1103 908 1172 τεκαὶ
922 1106 1117 1191 βεβαιοτερων·
1133 1102 1178 1170 ἐπὶ
1192 1131 1222 1170 π.
1236 1133 1265 1187 μ.
1280 1104 1358 1188 εόφρ.
1371 1101 1420 1169 καὶ
1434 1104 1508 1186 δόξη,
1524 1111 1640 1191 postca
1654 1104 1724 1170 elau:
1738 1105 1815 1170 δέτι.

482 1233 553 1300 Fol.
569 1233 684 1300 9—16.
706 1231 826 1318 legitur
844 1232 1020 1316 πλουτόρχου
1033 1235 1096 1306 πώς
1114 1228 1150 1297 όν
1163 1257 1206 1305 τις
1220 1229 1352 1298 αι’σθατο
1366 1233 1466 1296 ἑαυτοῦ
1479 1230 1686 1314 προκόπτοντος
1700 1231 1741 1297 ἐπ’
1759 1231 1851 1318 ἀρετῆ.
1893 1231 2027 1298 Initium

379 1366 431 1437 Τίς
448 1369 505 1429 τών
522 1362 611 1446 λόγων
630 1357 654 1427 oi
673 1359 767 1428 σόσσιε
786 1360 913 1428 σενεκίων
931 1359 1015 1424 σώσει
1032 1357 1082 1441 τῆν
1101 1356 1187 1424 αὑτοῦ
1204 1359 1393 1444 βελτωυμένου
1410 1357 1482 1442 πρός
1496 1357 1597 1442 όρετῆν
1616 1360 1808 1442 mutoque.
1850 1360 1943 1424 Finis
1958 1357 2026 1443 ίπόρ

375 1485 408 1556 oi:
428 1489 478 1557 τόν
499 1489 673 1556 πολόκλειτον
695 1487 824 1571 οἰώμεθα
846 1485 943 1570 λέγειν,
967 1483 1007 1558 ώς
1028 1484 1086 1550 ἔστι
1102 1485 1304 1568 χαλεπώτατον
1323 1484 1356 1551 τό
1376 1485 1454 1568 ἔργον
1473 1483 1515 1557 οἷς
1538 1481 1575 1548 ἂν
1588 1485 1628 1558 εἰς
1641 1483 1758 1570 όνυχαό
1776 1485 1863 1570 πηλός
1883 1485 2025 1570 ἀφίκηται.

375 1617 450 1682 Hoc
469 1625 561 1682 textu
580 1639 654 1681 oum
673 1614 815 1680 editione
834 1609 1131 1699 Wyttenbachiana
1150 1609 1267 1676 collato
1287 1609 1369 1675 haec
1387 1611 1513 1676 notavi:
1539 1610 1602 1676 Ed.
1617 1609 1643 1674 Ι.
1667 1634 1699 1699 p.
1714 1611 1786 1678 287.
1801 1617 1888 1678 πᾶσιν
1905 1612 1922 1697 ῆ
1941 1615 2027 1679 κακία

375 1767 436 1809 ms.
456 1744 474 1830 ἡ
492 1771 555 1809 κακ.
574 1749 661 1809 πᾶσα
686 1741 736 1806 ed.
757 1743 831 1826 γνοίη
846 1761 906 1804 ms.
928 1738 964 1804 δὶν
983 1740 1075 1824 γνοίηε
1098 1737 1149 1804 εδ.
1171 1738 1248 1819 αὐτῷ
1262 1744 1311 1823 τῆς
1327 1740 1371 1804 dr.
1387 1738 1436 1804 ἀεί
1446 1759 1506 1802 ms.
1523 1734 1567 1804 ἀεὶ
1580 1763 1605 1804 τ.
1621 1737 1666 1804 ότ.
1682 1738 1759 1805 τότε
1775 1761 1806 1825 p.
1823 1738 1895 1804 288.
1910 1738 1962 1804 εδ.
1977 1745 2026 1806 τοῦ

375 1872 445 1956 σώμ
466 1871 564 1955 όναρρ.
583 1891 643 1933 ms.
664 1869 708 1934 όν.
727 1873 777 1934 τοῦ
794 1889 881 1951 σαμε
905 1875 980 1930 ants
1000 1863 1037 1930 όν
1055 1865 1190 1950 προκόπτ.
1209 1887 1276 1929 11011
1294 1865 1550 1950 interpungitur:
1579 1863 1630 1930 cd.
1649 1865 1679 1930 ἐν
1697 1877 1756 1940 τοῖς
1773 1871 1828 1949 φιλ
1847 1867 1944 1951 έπαγγ.
1964 1875 2025 1933 etc.

376 2020 437 2063 ms.
458 1999 486 2064 ε’ν
503 2002 544 2064 τιό
564 2002 620 2081 φιλ
639 1994 702 2062 οότε
719 1993 863 2080 προκυπῆν
881 1992 948 2060 οότό
962 2020 1026 2060 τινα
1044 1997 1187 2077 προκοπῆς
1208 1989 1288 2058 αι’σθ.
1307 1991 1489 2075 ὑποληπτέον,
1505 1993 1532 2058 εί
1541 1993 1640 2076 μηδε’ν.·
1664 1991 1714 2056 ed.
1731 1993 1789 2058 ἀλλ’
1808 1991 1871 2078 ἄχρι
1886 2017 1946 2059 ms.
1962 1992 2026 2080 ἄχρι

376 2127 421 2190 δίε
445 2123 496 2190 ed.
517 2125 620 2206 ἀκαρεῖ
634 2145 694 2188 ms.
715 2123 823 2205 σἰκαρῆι
845 2143 877 2207 p.
894 2120 966 2184 289.
988 2119 1038 2185 ed.
1059 2119 1224 2204 μεταβαλών
1243 2141 1303 2182 ms.
1319 2117 1472 2204 μεταβαλιιι
1487 2117 1539 2184 ι’ίν.Ι
1562 2117 1613 2184 ed.
1630 2115 1691 2204 ἅμα
1705 2141 1765 2184 ms.
1782 2119 1873 2186 α’λλόε
1890 2119 1940 2186 ed.
1957 2121 2025 2187 όπο

375 2254 492 2336 πέφευγε
507 2273 566 2315 ms.
583 2251 745 2334 ε’κπόγενγεε
769 2247 819 2312 ed.
834 2252 926 2314 ταῦτα
940 2269 999 2311 ms.
1015 2247 1081 2321 τοὺς
1093 2251 1202 2314 ταῖπαῑ
1224 2244 1274 2309 ed.
1291 2244 1369 2313 οόπω
1383 2268 1443 2310 ms.
1459 2247 1583 2312 οόδεόιωε
1600 2245 1651 2311 ed.
1666 2251 1706 2312 τώ
1721 2248 1797 2314 κατό
1811 2271 1870 2313 ms.
1885 2249 1918 2315 τό
1933 2250 2025 2315 acad:

375 2377 426 2444 ed.
448 2379 586 2463 γινομένην
607 2399 667 2441 ms.
689 2397 807 2461 γιγνομε
831 2373 882 2440 ed.
906 2372 922 2458 ἢ
943 2372 980 2440 δν
999 2371 1029 2438 δὲ
1052 2369 1125 2440 οότω
1145 2395 1205 2437 ms.
1226 2394 1288 2437 om.
1309 2375 1354 2436 δέ·
1377 2395 1408 2460 p.
1425 2372 1497 2438 290.
1514 2372 1743 2458 ει1.όγν.αότοι”ι
1756 2375 2025 2460 1111.όγν.ίαντόν.·

376 2505 427 2571 ed.
447 2505 550 2588 ἀκαρεῖ
565 2509 636 2569 διαλ.
656 2503 741 2570 αι’ντόν
759 2524 819 2566 ms.
840 2502 932 2586 ἀκαρῆ
951 2506 1021 2566 διαλ
1041 2501 1144 2568 αότόνε
1167 2499 1218 2564 ed.
1239 2499 1310 2584 πρὸς
1324 2499 1441 2583 στάθμη
1456 2523 1516 2564 ms.
1532 2527 1579 2584 πρ.
1594 2501 1743 2586 σταθγυῆνε
1765 2523 1797 2588 p.
1813 2502 1885 2566 291.
1902 2501 1952 2566 ed.
1968 2503 2025 2588 ε’σχ.

375 2631 442 2716 cipp.
465 2653 526 2695 ms.
550 2632 617 2716 ἀφρ.
641 2631 713 2716 ε’σχ..·
737 2628 788 2694 cd.
812 2628 860 2694 ἀπ’
885 2629 971 2712 αι’πῆς
989 2650 1048 2692 ms.
1068 2627 1113 2694 ὑπ’
1135 2627 1237 2711 αότῆςε
1260 2626 1476 2711 ει1.κακοδαῆα
1497 2649 1557 2692 ms.
1577 2627 1643 2702 τοὺς
1656 2635 1768 2694 κακοδ..·
1792 2629 1842 2694 ed.
1858 2630 2026 2715 ἐγγινόμενον

375 2781 436 2822 ms.
452 2757 629 2842 προσγινόμ..·
654 2755 705 2821 ed.
720 2755 775 2824 όπὸ
789 2761 839 2822 τοῦ
853 2756 935 2838 λόγου
949 2777 1008 2818 me.
1025 2776 1088 2820 om.
1103 2753 1166 2821 όπό.

480 2883 552 2949 Fol.
575 2884 624 2947 16.
648 2883 794 2969 sequitur
815 2887 865 2948 τοῦ
885 2882 970 2948 αιίτοό
988 2878 1051 2966 περὶ
1070 2880 1341 2965 πολυπραγμυσόνης.
1383 2879 1530 2946 Initium:
1552 2880 1679 2948 ’Ἀπνουν
1699 2881 1716 2967 ῆ
1736 2882 1876 2967 σκοτεινὴν
1894 2881 1910 2966 ῆ
1925 2885 2026 2968 δυσχεί-

373 3039 456 3098 μερον
476 3013 566 3078 οἰκίαν
585 3009 601 3095 ῆ
620 3011 735 3095 νοσώδη.
779 3009 888 3074 Finis:
911 3008 1061 3093 όμοίοτητα
1081 3006 1129 3074 καὶ
1146 3009 1301 3093 συγγένειαν
1319 3013 1368 3074 τυό
1387 3008 1607 3092 ἐπιτηδεύματος.
1649 3008 1745 3074 Folia
1764 3008 1860 3074 huius
1876 3019 1909 3075 et
1922 3008 2027 3074 ultimi

374 3137 475 3204 libelli
490 3138 628 3202 confusa
643 3146 727 3202 sunt.
770 3135 802 3200 A
816 3135 894 3200 folio
910 3136 961 3200 21.
982 3136 998 3204 ό
1019 3134 1049 3200 δὲ
1064 3136 1274 3220 ἀπηλλαγμένος
1287 3141 1336 3220 τῆς
1350 3135 1432 3202 νόσου
1445 3134 1650 3222 pergendum
1665 3135 1772 3202 estad
1787 3135 1842 3202 sol.
1858 3135 1909 3202 33.
1925 3137 2027 3221 ταίπης

374 3295 422 3332 και
437 3293 516 3350 φισει
529 3292 629 3349 πραος.

479 3391 550 3457 Fol.
566 3391 702 3456 24-28.
725 3389 849 3476 absque
868 3389 1080 3476 inscriptione
1100 3388 1182 3454 haec
1202 3387 1367 3474 leguntur:
1391 3390 1477 3456 Μετὰ
1496 3389 1534 3456 τό
1554 3391 1583 3455 ἐν
1596 3394 1747 3476 γειρανεία,
1766 3394 1901 3476 ςυιλιππος
1916 3393 2027 3477 ἐζήτησε

372 3520 422 3589 τόν
443 3521 629 3605 δημοσθόνην·
652 3517 668 3587 ό
691 3522 775 3602 δῆμος
796 3515 879 3602 ῆτησε
899 3519 981 3583 πέντε
1002 3516 1105 3600 ἡμέρας
1127 3517 1166 3590 είς
1186 3516 1345 3600 διάσκεψιν·
1368 3517 1397 3582 ἐν
1416 3517 1533 3590 ταόταες
1551 3517 1567 3585 ό
1588 3519 1769 3602 δημοσθένης,
1791 3519 1892 3586 ἑαυτὸν
1905 3545 2026 3604 προσαγ-

372 3649 469 3734 yellus.
511 3647 659 3712 Pertinet
679 3645 722 3711 ad
735 3644 867 3710 Libanii
890 3641 1143 3708 declamationes
1167 3638 1325 3729 (μελελαςμ
1351 3643 1393 3707 01.
1417 3642 1467 3707 ed.
1490 3641 1603 3708 Reiek.
1625 3643 1690 3709 vol.
1705 3645 1762 3709 IV.
1785 3669 1860 3732 pag.
1877 3645 1939 3710 817
1956 3668 2026 3733 sqq.

374 3776 522 3841 Initium:
541 3773 593 3842 Ὃν
606 3773 655 3857 μὲν
670 3774 817 3858 ἐβουλόμην
831 3772 934 3855 τρόπον
950 3771 1118 3846 ἀποθανεῖν,
1133 3769 1208 3834 finis
1224 3769 1277 3854 ἐγώ
1293 3768 1323 3835 δὲ
1337 3770 1445 3854 όμνόων
1459 3771 1498 3838 τὰ
1511 3769 1629 3856 όμετερα
1643 3773 1865 3857 κατορθώματα.

476 3899 552 3980 Pol.
572 3900 708 3964 28-30.
730 3905 779 3965 τοῦ
800 3898 968 3983 σοφωτάτου
986 3895 1033 3962 καὶ
1051 3897 1221 3981 λογιωτάτου
1240 3900 1333 3982 κυρίου
1352 3897 1500 3982 νικηφόρου
1519 3903 1569 3964 τοῦ
1587 3904 1707 3985 γρηγυρᾶ
1725 3901 1807 3984 λόγος
1824 3927 2026 3986 προσφώνημα-

373 4028 448 4103 τιιιός
469 4030 508 4103 εἰς
528 4028 578 4095 τόν
600 4029 725 4113 βασιλέι.
768 4023 957 4112 Ι1101Ρ11Ὡς
977 4025 1040 4090 λίαν
1064 4025 1129 4110 ῆδός
1151 4022 1199 4090 καί
1220 4025 1338 4108 φαιδρός
1360 4025 1422 4109 ἡμῖν
1444 4025 1588 4110 ἐπανῆκεις
1606 4027 1636 4091 ἐκ
1655 4033 1711 4093 τών
1733 4029 1876 4112 τροπαίων
1895 4029 2027 4096 θειότατε

374 4160 496 4240 βασιλεῦ,
513 4163 546 4218 et
560 4155 684 4218 finitur:
708 4152 754 4220 ἵνα
768 4150 816 4218 καὶ
829 4163 888 4227 τοῖς
901 4151 1031 4235 ὑπηκόοις
1045 4162 1104 4226 τοῖς
1118 4163 1178 4226 σοῖς
1191 4153 1230 4226 εἰς
1243 4153 1354 4236 μακρὰς
1369 4154 1500 4219 ἐνιαυτῶν
1515 4155 1658 4238 πυρώδους
1672 4152 1711 4238 εἴη
1726 4155 1904 4239 σννῆδεσθαι.

479 4279 553 4346 Fol.
569 4281 621 4346 31.
650 4279 754 4345 altera
775 4283 873 4364 μελέτη
888 4277 1020 4344 Libanii
1034 4277 1162 4364 legitur,
1183 4279 1276 4343 cuius
1292 4278 1402 4345 thema
1415 4279 1479 4345 hoo
1495 4289 1559 4346 cst:
1582 4281 1652 4366 έχων
1666 4309 1707 4356 τις
1721 4293 1838 4368 γυναῖκα
1852 4281 1899 4348 καλ
1913 4280 1953 4348 dv
1972 4281 2026 4348 ὑπὸ

271 4431 273 4436 ·
375 4405 462 4493 πατρὶ
477 4408 660 4492 ἀπεδῆμησεν·
683 4408 787 4492 έγίνετο
809 4406 864 4474 tal
886 4412 1012 4491 λησταΐς·
1035 4407 1142 4491 ἔγραψε
1163 4407 1234 4490 πρός
1255 4406 1305 4472 τόν
1326 4410 1437 4492 πατέρα
1451 4413 1573 4492 λυθῆναι
1593 4409 1731 4492 δεόμενος·
1754 4409 1770 4477 ό
1792 4407 1822 4474 δὲ
1843 4409 1892 4495 οόχ
1913 4409 2027 4494 όπῆκου

373 4561 420 4602 σεν
440 4544 501 4600 etc.
547 4533 598 4599 Of.
619 4533 706 4621 apud
725 4532 894 4599 Reiskium
913 4531 977 4598 vol.
993 4531 1050 4597 IV.
1071 4555 1146 4620 pag.
1163 4533 1225 4597 639
1246 4555 1316 4620 sqq.
1359 4533 1441 4601 Inde
1464 4534 1648 4601 01011032.
1669 4559 1690 4600 a
1707 4535 1817 4601 verbis
1838 4537 1865 4601 ἐν
1884 4536 2025 4618 δάκρυσιν·

373 4661 390 4730 ό
418 4661 448 4728 δὲ
474 4660 537 4728 ἀντὶ
558 4660 761 4748 pergendum
787 4659 903 4726 estad
925 4657 980 4725 fol.
996 4660 1047 4724 22.
1069 4661 1175 4726 τούτων
1198 4661 1248 4726 οόκ
1269 4663 1411 4746 ἐσκέψατο
1431 4667 1627 4747 παραμυθίαν.
1679 4663 1808 4728 Finitur
1832 4648 2025 4726 declamatio

374 4787 430 4856 101.
446 4789 497 4854 24.
513 4811 610 4854 vcrso
625 4787 727 4852 verbo
742 4787 922 4870 τεθνήξομαι.
1034 4825 1036 4831 ,

477 4917 603 4982 PrIorie
620 4913 866 4980 declamationis
882 4922 990 4978 textus
1005 4911 1056 4976 his
1072 4911 1267 4978 lectionibus
1284 4913 1392 4978 differt
1407 4937 1427 4980 a
1440 4924 1532 4981 textu
1546 4915 1686 4980 Reiskii:

417 5093 488 5159 317·
525 5056 629 5144 Ed.*)
962 5055 1025 5120 11..
1378 5056 1441 5121 ne.
1802 5057 1865 5123 m.

395 5211 424 5276 3.
432 5237 458 5275 a.
468 5214 628 5280 ἀποθανεῖν
644 5211 722 5288 ἀξιοῖ
804 5208 905 5275 ἔαυτόν
918 5209 1115 5293 προσαγγελλει
1233 5209 1264 5272 8.
1307 5208 1354 5274 ἴνα
1368 5214 1450 5275 τοότο
1465 5215 1529 5294 γοῦν
1542 5237 1589 5293 μοι
1643 5209 1689 5276 ἵνα
1703 5215 1767 5296 γοῦν
1780 5239 1827 5296 μω
1839 5217 1922 5278 τοῦτο

397 5333 425 5395 l.
469 5325 493 5397 τό
508 5330 606 5413 ἄνδρες
618 5331 770 5414 Ἀθηναῖοι
964 5347 1027 5391 0111.
1213 5329 1262 5391 11.
1305 5328 1382 5412 μέχρι
1396 5333 1446 5394 τοῦ
1459 5332 1507 5394 νῦν
1641 5332 1718 5414 μέχρι
1732 5335 1780 5396 νῦν

474 5447 497 5516 *)
514 5445 580 5502 Non
591 5462 658 5501 rara
670 5451 737 5500 sunt
747 5461 799 5516 per
811 5459 935 5499 errorem
947 5441 1092 5512 impressa,
1105 5449 1138 5496 ut
1150 5460 1177 5512 p.
1189 5443 1247 5499 819.
1261 5443 1425 5513 11100101
1439 5443 1478 5497 16.
1492 5443 1692 5514 διατειχίσαντες
1704 5445 1745 5500 34.
1758 5447 1784 5500 ἐν
1793 5445 1951 5516 Ἀθηναίων.
