5284 6620
1945 735 1950 744 “
1980 713 2037 778 121

399 918 518 998 ψεῦδος,
539 916 567 980 εί
580 915 618 1000 μὴ
639 916 668 979 oi
684 915 860 999 γεγραμμαῦοι
878 916 957 996 dury}
971 913 1056 999 βιξδλφ
1071 917 1120 997 τῆς
1134 916 1212 998 ζωῆς.
1231 911 1278 979 καὶ
1292 912 1308 998 ἡ
1323 912 1401 988 πόλιιΙ
1416 913 1448 979 οῦ
1463 917 1557 998 χρείαν
1571 915 1624 998 ἔχει
1639 919 1687 979 τοῦ
1703 913 1779 999 rihho
1792 913 1855 980 οῦδὲ
1867 921 1916 999 τῆς
1929 917 2040 1002 σελήνης

399 1041 445 1106 ι’να
460 1043 595 1125 φαίνωσιν
609 1040 688 1124 αι’ντῇ,
695 1039 738 1106 ὅτι
751 1039 769 1124 ἢ
783 1039 853 1118 δόξα
868 1045 918 1106 τοῦ
933 1043 1004 1106 θεοῦ
1019 1039 1150 1124 ἐφοῦιισεν
1165 1041 1262 1124 αῦτὴν·
1279 1039 1327 1106 καὶ
1333 1008 1382 1118 ni}
1396 1041 1446 1106 οῦκ
1459 1041 1538 1106 ’ἔσται
1551 1044 1610 1107 διιεῖ
1620 1043 1667 1118 ἔτι,
1683 1041 1700 1106 ὁ
1716 1043 1769 1128 γὰρ
1783 1042 1873 1126 κῦριος
1886 1055 1986 1128 φατιεῖ
1996 1047 2036 1110 ε’νί

399 1169 510 1242 αὐτοῦς·
532 1165 579 1233 καὶ
595 1167 781 1254 βασιλεύουσιν
796 1170 835 1241 εἰς
850 1169 940 1232 αιίῦνα
957 1169 1066 1242 αιἰῦνος.
1081 1167 1144 1232 τότε
1159 1168 1212 1253 γὰρ
1228 1167 1316 1251 οἱμὲν
1330 1169 1554 1245 καταξανθεῦτες
1569 1173 1618 1252 τῆς
1633 1171 1662 1234 ἐν
1675 1170 1785 1254 οὐρανῷ
1802 1175 1940 1255 διατριβῆς
1955 1175 2040 1238 ε’κεΐσε

397 1295 577 1380 χωρήσοισιν,
596 1296 625 1360 oi
641 1293 671 1360 di
688 1299 738 1378 τῆς
756 1299 805 1359 τοῦ
819 1297 989 1379 παραδείσου
1003 1299 1107 1380 τροφῆς
1121 1294 1338 1374 ἀπολαύσωσιν,
1356 1297 1385 1361 oi
1397 1294 1426 1361 δὲ
1440 1295 1490 1380 τὴν
1507 1294 1590 1381 ἁγίαν
1604 1299 1653 1382 γῆν
1668 1293 1716 1362 καὶ
1731 1296 1780 1382 rip
1794 1298 1975 1382 λαμπρότητα
1992 1305 2041 1383 τῆς

398 1424 505 1497 πόλεως
521 1425 689 1500 καθέξουσιν
703 1423 753 1488 σὺν
769 1417 854 1508 (eod.
863 1421 928 1505 σῦμ)
946 1427 1016 1487 πᾶσι
1031 1433 1089 1496 τοῖς
1102 1420 1164 1506 περὶ
1179 1423 1263 1508 αὐτὴν
1279 1423 1403 1508 ἀγαθοῖς
1412 1426 1660 1508 ἐπιχορφγοομένοις
1669 1422 1725 1489 ῦπὸ
1735 1428 1784 1488 τοῦ
1795 1429 1878 1490 θεοῦ·
1893 1433 2040 1509 πανταχοῦ

398 1551 451 1634 γὰρ
464 1548 481 1615 ὁ
494 1549 586 1635 σωτὴρ
602 1548 786 1634 ὁραθὴσεται,
801 1549 903 1623 καθὼς
917 1548 991 1625 ἄξιοι
1004 1549 1113 1614 ἔσονται
1127 1550 1155 1614 οἱ
1167 1548 1286 1634 ὁρῶντες
1302 1550 1394 1616 αὐτόν.
1405 1553 1474 1616 εἶναι
1485 1549 1514 1616 δὲ
1526 1551 1574 1634 τὴν
1585 1551 1729 1636 amous
1739 1551 1841 1634 ταύτην
1851 1557 1900 1637 τῆς
1910 1553 2041 1637 οἰκήσεως

400 1671 486 1760 (cod.
501 1676 667 1760 οίιιηοῦσεσις)
683 1680 739 1742 coir
754 1676 791 1743 τὰ
806 1683 837 1760 ρ’
851 1675 1101 1762 καρποφορούντων
1116 1673 1163 1740 καὶ
1179 1680 1235 1742 τῶν
1251 1677 1288 1742 τὰ
1303 1679 1332 1754 ξ’
1348 1673 1396 1742 καὶ
1411 1682 1467 1742 coir
1480 1677 1517 1743 τὰ
1536 1684 1578 1742 λ’·
1599 1673 1638 1742 aiv
1657 1680 1685 1742 οἱ
1700 1677 1749 1762 μὲν
1768 1681 1807 1752 είς
1826 1679 1890 1754 τοῦς
1908 1679 2041 1765 οὐρανοὺς

398 1803 656 1888 σἰναλφφθῆσονται,
668 1805 696 1869 oi
706 1802 736 1869 di
752 1805 780 1868 ἐν
794 1807 834 1884 τῷ
848 1805 1010 1888 παραδείσῳ
1025 1806 1223 1888 διατρίιμοοσιν,
1239 1805 1267 1868 οἱ
1278 1802 1308 1869 δὲ
1321 1803 1370 1888 τὴν
1385 1805 1463 1869 πόλιν
1474 1805 1687 1888 κατοικήσουσιν.
1702 1803 1749 1871 καὶ
1760 1805 1806 1872 διὰ
1816 1811 1899 1872 τοῦτο
1908 1810 2041 1892 ειρηιιεῦαι

397 1932 445 1996 τὸν
460 1931 550 2015 νῦριον
566 1933 594 1996 a’v
612 1941 670 2005 τοῖς
685 1935 734 1996 τοῦ
750 1929 857 2012 πατρός
871 1956 924 2014 μοο
936 1930 1025 2013 μονὰς
1037 1931 1107 1996 εἶναι
1120 1931 1237 2005 πολλάς·
1251 1931 1288 1996 τὰ
1302 1931 1398 1996 πάντα
1414 1933 1467 2017 γὰρ
1481 1938 1530 1996 τοῦ
1550 1937 1635 2009 θεοῦ,
1653 1931 1684 2006 ὃς
1705 1944 1764 2007 τοῖς
1783 1938 1869 2000 πᾶσιν
1889 1935 1938 2019 τὴν
1958 1935 2040 2020 ἁρμό

398 2061 499 2132 ζουσαν
516 2055 618 2141 οἴκησιν
633 2061 754 2141 παρίχει.

1189 2285 1248 2350 ΙΧ.

503 2438 543 2502 Ια
565 2438 723 2524 papyris
747 2435 882 2524 Coptis
906 2435 1230 2521 Taurinensibus,
1252 2437 1339 2504 unde
1357 2461 1461 2525 nuper
1475 2447 1600 2504 textum
1616 2437 1757 2525 Coptum
1771 2437 1929 2506 Actorum
1944 2442 2042 2508 Pilati
2080 2466 2084 2473 ·

399 2567 441 2632 ad
456 2565 630 2631 editionem
642 2587 747 2629 meam
763 2563 1007 2648 evangeliorum
1021 2563 1284 2651 apocryphorum
1299 2560 1356 2651 (of.
1367 2564 1520 2651 Prolegg.
1533 2588 1564 2652 p.
1579 2565 1731 2648 LXXII.)
1747 2567 1894 2653 adhibui,
1909 2571 2042 2636 inventa

399 2695 497 2758 etiam
521 2701 596 2757 sunt
616 2691 832 2778 fragmenta
856 2691 1043 2755 sermonis
1061 2690 1295 2778 „Theophili
1315 2691 1629 2779 archiepiscopi“
1649 2688 1877 2778 (Alexandrini
1896 2705 1933 2760 ut
1952 2695 2040 2762 vide·

398 2817 475 2908 tur),
491 2819 613 2886 dudum
628 2817 801 2906 deperditi,
817 2827 850 2884 et
864 2840 991 2883 mecum
1006 2840 1026 2882 a
1041 2816 1099 2883 cel.
1114 2817 1245 2905 Peyron
1262 2819 1508 2884 communicata.
1540 2817 1642 2885 Cuius
1658 2821 1831 2908 Theophili
1846 2823 1968 2910 scripta
1985 2820 2040 2909 (cf.

401 2946 490 3013 Cave
506 2946 622 3032 Script.
639 2945 817 3012 ecclesiast.
834 2945 908 3009 hist.
919 2943 1053 3010 litterar.
1070 2968 1144 3031 pag.
1162 2946 1222 3012 178
1237 2955 1270 3009 et
1285 2943 1371 3033 179.)
1395 2969 1493 3033 quum
1515 2955 1639 3012 tannim
1658 2970 1723 3013 non
1747 2949 1855 3014 omnia
1875 2951 2040 3035 perierint,

400 3099 442 3142 ex
463 3073 728 3161 interpretatione
750 3071 888 3137 Amadei
909 3071 1041 3158 Peyron
1065 3071 1249 3137 adscribam
1272 3072 1427 3159 quicquid
1447 3071 1488 3138 ab
1513 3075 1605 3139 initio
1632 3076 1701 3140 eius
1728 3077 1886 3141 sermonis
1912 3075 2041 3163 legitur,

398 3225 501 3289 usque
517 3201 594 3265 dum
608 3199 726 3264 lacuna
739 3199 836 3264 unius
851 3197 922 3264 folii
936 3199 1090 3286 sequitur,
1105 3201 1183 3265 item
1199 3198 1327 3284 singula
1341 3199 1435 3284 plura
1450 3223 1491 3265 ex
1506 3201 1653 3287 partibus
1669 3201 1812 3288 reliquis.

448 3439 660 3503 EXEGESIS
683 3439 837 3500 SANOTI
858 3437 1094 3500 THEOPHILI
1115 3437 1455 3514 ARofflnPIsoOH,
1478 3439 1600 3515 QUAM
1621 3441 1746 3502 DIXIT
1767 3443 1826 3504 DE
1850 3443 1988 3506 Olenon

1072 3542 1130 3602 ΕΤ
1152 3541 1366 3602 LATRONE.

498 3707 578 3794 „Sol
588 3708 731 3773 iustitiae
743 3707 894 3794 apparuit
904 3707 938 3770 in
952 3707 1085 3790 oriente,
1100 3705 1293 3772 illuminavit
1304 3729 1360 3773 eos
1377 3708 1431 3794 qui
1443 3717 1535 3773 erant
1545 3710 1580 3774 in
1590 3709 1734 3775 tenebris
1746 3719 1779 3775 et
1789 3710 1905 3777 umbra
1918 3714 2041 3777 mortis.

398 3839 469 3904 Rex
484 3836 625 3901 iustitiae
640 3833 713 3900 tulit
727 3833 878 3900 diadema
891 3834 998 3917 regni3
1014 3834 1137 3898 inimici
1152 3835 1221 3899 eius
1235 3832 1395 3899 humiliati
1411 3844 1485 3900 sunt
1500 3835 1560 3901 sub
1576 3835 1714 3922 pedibus
1731 3837 1810 3902 eius.
1838 3837 1955 3904 Suavis
1972 3840 2041 3904 eius

401 3965 483 4030 odor
496 3963 581 4028 bene
597 3960 662 4027 olet
677 3983 776 4047 super
791 3959 891 4026 altare
907 3959 1036 4043 salutis3
1060 3961 1200 4025 cessavit
1214 3961 1322 4026 foetor
1335 3961 1369 4025 in
1388 3961 1488 4026 odore
1507 3964 1664 4048 unguenti
1683 3964 1762 4029 eius.
1798 3964 1868 4030 Leo
1887 3963 2041 4032 robustus

401 4090 542 4156 surrexit
557 4110 599 4153 ex
618 4087 715 4172 silva;
736 4087 825 4152 ferae
846 4111 957 4154 omnes
977 4087 1218 4153 absconderunt
1237 4109 1272 4152 se
1291 4089 1325 4152 in
1344 4089 1446 4153 antris
1467 4090 1544 4154 suis.
1580 4089 1728 4156 Medicus
1750 4101 1881 4156 sanctus
1896 4093 1985 4157 venit
2000 4093 2043 4157 ad

398 4239 458 4282 nos
475 4239 548 4281 cum
563 4217 630 4280 suis
645 4213 815 4280 medicinis
830 4215 931 4298 vitae,
956 4237 1051 4281 ovos
1067 4237 1179 4280 omnes
1195 4217 1249 4302 qui
1262 4215 1432 4299 laboratis,
1449 4217 1586 4303 accipite
1601 4217 1797 4283 medicinam
1812 4219 1922 4304 gratis.
1959 4219 2042 4284 Lae-

398 4345 469 4410 titia
483 4342 582 4408 totius
597 4340 709 4406 mundi
729 4341 832 4406 effusa
850 4351 915 4425 est,
939 4343 993 4428 qui
1012 4339 1135 4425 dolent,
1160 4363 1272 4408 omnes
1290 4341 1452 4408 laetentur
1471 4365 1544 4407 cum
1564 4365 1612 4408 eo.
1651 4343 1934 4424 Quemadmodum
1957 4349 2042 4410 enim

380 4513 382 4518 -
399 4471 514 4536 civitas
531 4491 626 4554 quam
640 4469 791 4532 inimicus
806 4489 866 4534 rex
881 4467 1044 4534 obsidebit
1059 4477 1091 4534 et
1104 4467 1248 4534 includet
1264 4493 1344 4552 eam,
1359 4477 1436 4534 tunc
1448 4470 1502 4556 qui
1517 4471 1601 4534 inea
1611 4481 1782 4536 versantur
1794 4481 1869 4536 sunt
1879 4473 1913 4536 in
1925 4495 2043 4558 magna

399 4598 572 4664 afflictione
595 4595 718 4678 afflicti,
745 4593 891 4660 dolentes
915 4603 946 4660 et
967 4594 1158 4661 clamantes:
1184 4596 1313 4682 quando
1335 4619 1395 4662 rex
1417 4605 1612 4684 potestatem
1633 4595 1758 4662 habens
1781 4599 1815 4662 in
1841 4621 1880 4664 ea
1905 4599 2044 4664 audierit

399 4746 550 4810 magnam
570 4722 740 4788 audaciam
760 4743 824 4808 qua
842 4745 941 4788 ausus
962 4732 1012 4788 est
1029 4723 1064 4787 in
1079 4745 1119 4788 ea
1132 4723 1314 4788 interficere
1330 4725 1419 4788 cives
1436 4745 1526 4807 suos,
1550 4733 1628 4789 tunc
1644 4734 1822 4810 congregat
1837 4725 1949 4811 copias
1966 4747 2042 4789 suas

400 4873 525 4933 omnes,
547 4858 639 4914 curat
658 4858 694 4914 nt
712 4849 887 4914 incendant
907 4850 1042 4935 sagittas
1063 4849 1219 4933 hostium3
1240 4858 1413 4936 postquam
1431 4873 1510 4915 vero
1531 4849 1679 4916 docuerit
1698 4851 1809 4936 copias
1830 4873 1905 4916 suas
1922 4849 2043 4917 bellum

398 5001 513 5065 gerere
536 4999 609 5042 cum
630 4973 792 5060 hostibus,
814 4977 840 5040 it
861 4985 937 5041 ante
961 4999 1017 5042 eos
1041 4999 1115 5042 oum
1137 4976 1271 5062 gaudio,
1295 4978 1401 5040 sciens
1423 4976 1671 5063 profligaturum
1694 5000 1728 5043 se
1753 4999 1825 5042 esse
1848 4999 1905 5044 eos
1925 5001 2044 5064 magna

398 5106 546 5172 victoria.
581 5103 634 5168 Ita
653 5101 803 5168 dominus
823 5112 935 5168 noster
952 5102 1050 5169 Jesus
1071 5103 1219 5168 Christus
1240 5125 1338 5190 quum
1356 5103 1494 5168 vidisset
1512 5126 1624 5168 verum
1644 5103 1771 5168 hostem
1789 5105 1889 5169 totius
1911 5104 2044 5170 humani

399 5233 528 5317 generis
545 5253 604 5296 seu
619 5229 785 5296 diabolum
801 5252 981 5318 occupasse
995 5229 1184 5296 universum
1204 5229 1373 5314 mundum,
1398 5231 1553 5296 afflixisse
1573 5253 1685 5296 omnes
1706 5230 1815 5296 multis
1834 5242 2043 5318 peccatorum

400 5357 571 5444 speciebus
587 5380 708 5444 eosque
724 5357 920 5444 dispersisse
935 5359 968 5423 in
983 5357 1089 5445 plagis
1104 5355 1228 5442 multis,
1242 5357 1365 5422 scilicet
1379 5358 1413 5422 in
1428 5359 1560 5422 servitio
1575 5357 1751 5442 idolorum,
1766 5359 1904 5446 rapinis,
1920 5360 2042 5426 vanita-

398 5483 499 5566 tibus,
523 5483 706 5569 adulteriis,
720 5482 946 5572 blasphemiis,
962 5483 1162 5568 homicidiis,
1179 5483 1482 5569 detrectationibus,
1498 5482 1723 5568 ebrietatibus,
1740 5486 2042 5571 comessationibus,

1709 5628 1739 5672 re
