5284 6620
600 687 659 750 118

596 886 642 953 καὶ
658 893 757 953 πάσαν
770 887 820 971 τήν
835 887 952 968 ἀνομιόιν
966 885 1060 950 αὐτοῦ.
1076 882 1123 949 καῖ
1137 885 1208 966 μετά
1222 885 1272 970 τήν
1285 884 1386 968 άφεσιν
1400 887 1449 968 τῆς
1463 883 1582 966 ἀνομιδις
1596 885 1682 950 αὐτοῦ
1694 884 1836 948 ἀπεδωκεν
1851 881 1955 964 αιἰτιγῖὸ
1969 883 2040 955 θεὸς
2050 883 2098 966 τήν
2108 883 2249 966 βασιλείαν

596 1017 694 1080 αὐτοῦ·
715 1013 762 1080 καῖ
780 1015 844 1080 σότε
862 1013 947 1097 άρτον
967 1013 1030 1079 οότε
1043 1015 1125 1096 κρέας
1143 1013 1245 1096 ἔφαγεν
1260 1011 1324 1076 οὔτε
1345 1012 1418 1076 οἶνον
1439 1013 1525 1087 ἔπιεν,
1544 1011 1788 1096 ἐξομολογούμενος
1801 1015 1841 1090 τῷ
1856 1013 1938 1092 κυρίιρ
1952 1009 1994 1075 ότι
2010 1015 2083 1074 Δαν.
2098 1011 2208 1090 προσέτ.
2222 1013 2250 1074 ἐν

595 1145 719 1226 ὀσπρίιιις
736 1147 858 1226 βρεκτοῖς
878 1137 925 1204 καῖ
944 1139 1038 1222 χλόαις
1055 1141 1119 1216 ἔξιλ.
1132 1139 1231 1219 κόριον.
1248 1139 1294 1204 διά
1309 1143 1391 1204 τοῦτο
1405 1178 1414 1188 -
1428 1179 1437 1188 -
1455 1138 1512 1204 ἀλλ’
1530 1137 1547 1203 ὁ
1564 1141 1625 1212 νέος
1639 1137 1689 1204 οὐκ
1702 1138 1851 1222 ήθελησεν,
1870 1137 1956 1202 εἰπόν
1966 1137 2062 1209 Ἵλεώς
2074 1163 2120 1218 μοι
2137 1136 2250 1220 ἀφεῖναι

597 1267 683 1352 (eod.
693 1269 813 1352 ἀφηναι)
829 1294 863 1349 με
878 1268 1058 1350 κληρονομίαν
1071 1267 1199 1346 πατερων
1216 1262 1263 1330 καὶ
1275 1267 1451 1348 κολληθήναί
1460 1292 1495 1348 με
1509 1272 1583 1348 κληρ.
1597 1266 1677 1349 άπερ.
1693 1261 1740 1330 καῖ
1756 1275 1814 1338 τοῖς
1825 1264 1920 1338 ἀλλοις
1934 1262 1964 1328 δὲ
1977 1267 2117 1348 βασιλεῦσι
2129 1267 2249 1346 Περσαῖε

596 1397 705 1478 ε’ποόγσι
721 1394 866 1477 τεράστια,
889 1393 945 1459 ὅσα
960 1397 1054 1478 γραφή
1075 1392 1107 1457 οό
1127 1393 1284 1476 παρεδόθη.
1309 1389 1356 1458 καὶ
1376 1393 1522 1458 ἀπέθανεν
1538 1396 1604 1468 ἐκεῖ,
1630 1389 1676 1457 καῖ
1697 1391 1786 1476 ε’τάφη
1805 1395 1833 1456 ἐν
1852 1395 1892 1472 τερ
1911 1393 2039 1474 σπηλαίφ
2057 1395 2097 1470 τῷ
2117 1395 2248 1476 βασιλικῷ

594 1523 679 1606 μόνος
690 1523 814 1600 ἐνδόξως.
837 1519 884 1586 καλ
902 1521 989 1594 αὐτὸς
1003 1521 1086 1584 ἔδωκε
1101 1522 1184 1602 τέρας
1198 1522 1226 1584 ἐν
1239 1558 1271 1570 --
1289 1525 1472 1604 Βαβυλῶνος,
1496 1519 1539 1584 ότι
1552 1519 1600 1584 ὅτε
1614 1519 1837 1601 καπνισθήσεται
1852 1519 1885 1584 τὸ
1901 1521 1931 1582 ε’νι
1947 1522 2048 1602 βορρᾶ,
2067 1519 2131 1582 τότε
2145 1516 2203 1601 ήξει
2216 1518 2249 1582 τὸ

595 1653 673 1724 τεῖος
687 1675 712 1714 τ.
728 1655 815 1734 Βαβ·
831 1648 900 1713 όταν
918 1647 947 1712 δὲ
961 1645 1000 1720 ὡς
1015 1651 1070 1728 πῦρ
1084 1649 1203 1730 καίηται,
1218 1647 1281 1711 τότε
1295 1685 1321 1696 --
1337 1649 1366 1712 ἐν
1380 1651 1420 1726 τῷ
1434 1647 1506 1727 νότῳ
1520 1647 1603 1732 ῥεόση
1618 1646 1720 1722 ὕδατα,
1738 1648 1897 1728 ἐπιστρεφει
1912 1644 1929 1710 ό
1944 1645 2013 1719 λαός
2027 1684 2057 1695 --
2074 1645 2144 1727 αήιια
2158 1645 2248 1730 ῥεόυη,

596 1778 681 1860 φόνος
696 1779 774 1842 ἔσται
788 1780 837 1841 τοῦ
854 1777 959 1858 Βελιάρ
982 1773 1104 1855 ένπάση
1119 1779 1153 1855 τῇ
1166 1778 1208 1856 γῇ.
1223 1771 1270 1838 καῖ
1286 1773 1418 1858 εἰισιμήθη
1435 1771 1520 1838 ἐκεῖὸ
1533 1772 1609 1846 όσιος
1623 1776 1651 1838 ἐν
1666 1773 1765 1858 ειρήνη.

703 1905 745 1968 A.
752 1901 777 1988 1)
801 1903 933 1968 Νάθαν
948 1901 1092 1986 προφήτης
1106 1899 1138 1984 ἦν
1153 1905 1202 1964 τοῦ
1214 1899 1308 1966 Δαυῖδ
1321 1904 1351 1966 ἐκ
1366 1907 1398 1965 Γ
1394 1905 1500 1986 αβαάν,
1516 1897 1563 1964 καῖ
1579 1901 1663 1975 αότός
1676 1899 1708 1984 ήν
1722 1899 1739 1965 ό
1755 1901 1870 1976 διδάξας
1885 1899 1970 1965 αὐτόν
1984 1899 2066 1981 νόμον
2083 1901 2182 1983 κυρίου
2202 1896 2249 1962 καῖ

597 2033 667 2096 εἶδεν
688 2030 731 2094 ὅτι
746 2027 839 2094 Δαυῖδ
857 2032 885 2094 ἐν
903 2033 937 2111 τῇ
956 2027 1102 2112 Βηρσαβεέ
1120 2028 1328 2114 παραβήσεται,
1348 2025 1395 2092 καῖ
1414 2029 1529 2093 ἔσπευσε
1547 2032 1596 2092 τοῦ
1617 2029 1711 2092 ἐλθεῖν
1726 2027 1796 2110 πρὸς
1815 2027 1900 2091 αὐτὸν
1916 2023 1962 2090 καῖ
1981 2026 2143 2110 ἀναγγεῖλαι
2161 2025 2248 2105 αὐτῷ·

597 2157 735 2223 ε’νεπόδισε
749 2157 778 2222 δὲ
793 2156 809 2222 ὁ
826 2158 943 2239 Βελίαρ,
969 2155 1011 2221 ὅτι
1026 2155 1099 2220 κατά
1113 2155 1162 2240 τήν
1176 2155 1242 2220 ὁδὸν
1256 2150 1316 2240 εὗρε
1332 2155 1426 2238 νεκρὸν
1441 2153 1561 2236 κειήιενον
1577 2155 1676 2239 γυμνὸν
1692 2157 1875 2239 ἐσφαγμένον,
1898 2151 1944 2218 καὶ
1959 2155 2094 2235 ε’πεμεινεν
2114 2155 2176 2218 ἐκεῖ.
2201 2149 2248 2216 καῖ

596 2285 643 2350 ότε
664 2287 733 2368 ἔγνον
754 2283 796 2348 ότι
818 2285 928 2366 ἐποίησε
949 2283 998 2367 τήν
1020 2281 1160 2364 ἁμαρτίαν
1181 2281 1198 2346 ὁ
1222 2285 1326 2360 Δαυιδ,
1348 2281 1505 2366 όπεστρεψε
1525 2285 1651 2346 πενθῶν·
1676 2277 1722 2346 καῖ
1743 2279 1783 2354 ἀς
1801 2281 1893 2346 ἀνειλε
1915 2281 1963 2346 τὸν
1985 2279 2074 2363 ἄνδρα
2093 2283 2248 2364 Βηρσαβεέ,

597 2416 704 2497 ἔπεμψε
728 2412 817 2494 κύριος
840 2413 946 2495 ἐλέγξαι
964 2410 1057 2475 αὐτόν.
1079 2407 1126 2475 καῖ
1147 2409 1232 2482 αὐτὸς
1251 2409 1326 2474 πάνυ
1345 2409 1469 2493 γηράσας
1490 2403 1576 2494 (cod.
1592 2409 1668 2491 πάνη
1683 2409 1807 2493 γυρίσας)
1828 2409 1971 2484 ἀπόθανε,
1994 2405 2042 2472 καῖ
2060 2408 2149 2491 ε’τάφη
2168 2410 2196 2472 ε’ν
2213 2411 2247 2488 τῇ

598 2547 629 2624 γη·
646 2541 742 2604 αὐτοῦ.

703 2673 740 2730 Β.
757 2665 854 2746 Ἀχιά
868 2662 900 2748 ἦν
915 2665 974 2730 ἀπὸ
983 2663 1094 2747 Σηλόμ,
1109 2663 1180 2728 ὅπου
1194 2661 1227 2748 ήν
1242 2661 1259 2746 ή
1274 2663 1358 2748 σκηνή
1373 2663 1405 2728 τὸ
1420 2662 1549 2737 παλαιόν,
1565 2664 1595 2726 ἐκ
1608 2661 1716 2736 πόλεως
1727 2662 1816 2726 Ἡλεί.
1827 2655 1908 2734 οὗτος
1922 2663 1996 2725 εἶπεν
2011 2659 2072 2744 περὶ
2081 2665 2248 2742 Σολομῶνος

596 2795 639 2860 ὅτι
652 2793 832 2878 προσκροόσει
847 2797 886 2872 τῷ
902 2794 995 2874 κυρίῳ·
1015 2787 1063 2856 καῖ
1076 2785 1157 2864 οὗτος
1172 2791 1265 2876 ήλεγξε
1282 2788 1490 2874 τὸνἹεροβοάμ,
1505 2788 1548 2856 ότι
1562 2789 1633 2868 δόῖκρ
1643 2789 1806 2872 πορεύσεται
1821 2789 1892 2871 μετά
1903 2789 2002 2870 κυρίου.
2014 2785 2061 2853 καῖ
2072 2789 2141 2852 εἶδεν
2154 2791 2249 2872 ζεῦγος

596 2925 670 3007 βοάν
692 2924 800 2986 πατοῦν
823 2919 872 2985 τὸν
893 2919 962 2984 λαὸν
987 2915 1035 2982 καὶ
1054 2917 1129 2983 κατὰ
1148 2921 1204 2982 τῶν
1224 2919 1316 2998 ῖερέων
1336 2919 1486 3000 ἐπιτρίχον·
1508 2927 1639 2998 προεῖπεν
1658 2914 1688 2980 δὲ
1708 2912 1756 2980 καὶ
1775 2920 1814 2996 τῷ
1834 2920 1996 2998 Σολομῶντι
2014 2915 2057 2980 ότι
2075 2917 2107 2980 αῖ
2124 2925 2248 2998 γυναῖκες

593 3049 682 3114 αὐτὸν
698 3047 903 3130 εξαπατήσουσι
917 3043 964 3111 καῖ
978 3049 1036 3111 πάν
1053 3046 1176 3129 τὸγένος
1190 3045 1284 3109 αὐτοῦ.
1300 3041 1348 3108 καὶ
1363 3044 1506 3120 ἀπέθανε,
1522 3040 1569 3108 καὶ
1587 3043 1676 3127 ἐτάφη
1691 3043 1819 3126 σόνεγγυς
1834 3048 1882 3126 τῆς
1895 3043 1975 3124 δρυὸς
1990 3043 2101 3125 Σηλώμ

703 3181 738 3240 Γ.
763 3174 837 3248 ’1αά
842 3180 861 3258 β
878 3172 910 3256 ἦν
930 3175 960 3236 ἐκ
983 3177 1032 3256 γῆς
1048 3174 1225 3255 Σαμαρείας,
1246 3170 1340 3236 ὅντινα
1359 3171 1498 3248 ἐπάταξεν
1514 3169 1531 3236 ὁ
1549 3173 1618 3236 λε’ων
1633 3167 1681 3235 καῖ
1696 3170 1853 3246 ἀπέθανεν,
1873 3169 1919 3234 ὅτε
1933 3169 2028 3254 ήλεγξε
2043 3170 2092 3234 τὸν
2105 3167 2248 3253 Ἱεροβοάμ

597 3299 641 3368 ε’πῖ
657 3313 720 3374 ταῖς
736 3301 879 3382 δαμάλεσι·
896 3297 943 3364 καὶ
957 3299 1045 3383 ἐτάφη
1061 3301 1088 3364 ἐν
1104 3299 1207 3383 Basia
1222 3299 1350 3384 σόνεγγυς
1364 3301 1414 3363 τοῦ
1428 3297 1660 3383 ψευδοπροφήτου
1674 3301 1724 3362 τοῦ
1737 3296 1932 3380 πλανήσαντος
1945 3297 2038 3362 αὐτόν.

703 3435 739 3494 Δ.
759 3429 894 3510 Ἀζαρίας
908 3425 940 3511 ήν
954 3429 984 3492 έκ
1000 3430 1048 3509 γῆς
1063 3426 1199 3511 Συβαθά,
1214 3425 1246 3501 ὃς
1262 3426 1437 3509 ἀπεστρεψεν
1452 3428 1492 3500 είς
1507 3424 1683 3510 Ἰερουσαλήμ
1697 3425 1747 3509 τήν
1762 3426 1954 3507 αἰχμαλωσίαν
1967 3423 2068 3488 Ἰούδα·
2084 3421 2132 3488 καὶ
2145 3425 2247 3488 θανὼν

597 3557 685 3641 ι’τάφη
701 3557 729 3620 ἐν
747 3555 823 3639 ἀγρῷ
839 3554 934 3620 αὐτοῦ.

702 3685 766 3760 Est)
792 3682 894 3755 Ἡλεῖος
912 3675 1026 3762 (Ηλίιις
1042 3679 1085 3765 δὲ)
1107 3679 1123 3746 ὁ
1143 3682 1279 3766 Θεσβίτης
1298 3679 1330 3764 ἦν
1350 3682 1380 3744 ἐκ
1400 3685 1448 3764 γης
1460 3680 1603 3764 Ἀράβων,
1623 3684 1710 3764 φυλής
1722 3679 1848 3762 Ἀαρών,
1868 3680 1951 3743 οἰκῶν
1971 3680 1999 3742 έν
2015 3685 2047 3741 Γ
2044 3678 2150 3754 αλαάδ,
2169 3677 2247 3760 ότιή

600 3813 703 3894 Θέσβις
719 3809 792 3892 δόμα
806 3806 838 3892 ήν
854 3819 912 3881 τοῖς
927 3810 1032 3891 ἱερεῦσι.
1052 3807 1098 3872 καῖ
1115 3805 1252 3892 (ιἐρειῖσιν·
1276 3807 1322 3872 ότε
1340 3807 1369 3872 δὲ·
1385 3807 1471 3888 ἔμελλ
1486 3802 1647 3892 τίκτεσθαι)
1662 3807 1709 3872 ὅτε
1725 3808 1817 3888 ἔμελλε
1832 3809 1978 3888 τεχθῆναι,
2001 3805 2101 3891 Συβάχ
2119 3803 2135 3870 ὁ
2154 3805 2246 3890 πατήρ

597 3938 682 4002 αὐτοῦ
704 3933 773 4020 (ι’δεν
787 3935 908 4019 Σοχαβά
928 3933 945 4018 ἦ
963 3936 1050 4019 μήτηρ
1071 3931 1171 4020 αὐτοῦ)
1193 3937 1262 4000 εἶδεν
1284 3933 1326 3999 ὅτι
1348 3933 1447 4017 ἀνδρες
1466 3940 1643 4018 λενκοφανεῖς
1665 3935 1749 4000 αὐτὸν
1771 3933 1983 4018 προσηγόρευον,
2006 3930 2054 3996 καὶ
2074 3932 2116 3998 ότι
2136 3936 2164 3998 ἐν
2182 3931 2246 4016 πυρὶ

597 4063 787 4148 ἐσπαργάνουν
806 4061 894 4127 αὐτόν
914 4058 974 4146 (καὶ
990 4065 1017 4127 έν
1032 4067 1071 4143 τρῖ
1087 4059 1151 4146 πυρὶ
1166 4063 1227 4148 αότ.
1240 4057 1384 4147 ε’σπαργ.),
1406 4057 1454 4125 καὶ
1473 4061 1565 4145 φλόγα
1585 4062 1671 4146 πυρός
1690 4063 1793 4127 ἐδίδουν
1812 4060 1888 4140 αὐτῷ
1908 4071 2015 4145 φαγεῖν.
2037 4057 2085 4124 καῖ
2104 4061 2198 4125 ελθόιν
2216 4053 2242 4144 (‘

596 4192 690 4276 πατὴρ
705 4191 790 4254 αι’ποῦ
804 4185 915 4274 Ἀσὼμ)
932 4190 1085 4274 ἀνήγγειλεν
1100 4191 1128 4254 ἐν
1137 4187 1321 4275 Ἰερουσαλήμ,
1337 4186 1385 4254 καὶ
1399 4191 1474 4252 εἶπεν
1489 4189 1565 4268 αὐτῷ
1580 4187 1597 4253 ό
1612 4187 1732 4272 χρησμός
1749 4189 1801 4273 Μή
1816 4190 1902 4252 δειλίαι
1918 4183 1948 4272 (ὁ
1964 4213 2006 4270 χρ.
2021 4187 2152 4270 Θάρσει)’
2168 4188 2246 4252 ἔσται

597 4316 678 4402 γὰρὴ
692 4315 794 4400 οἴκησις
809 4315 893 4380 αὐτοῦ
908 4321 978 4400 φάς,
994 4313 1042 4381 καὶ
1057 4315 1073 4381 ό
1088 4317 1168 4401 λόγος
1182 4317 1268 4382 αὐτοῦ
1283 4316 1434 4400 ἀπόφασις,
1449 4312 1497 4380 καῖ
1509 4326 1595 4398 κρινεῖ
1601 4317 1649 4381 τὸν
1659 4315 1769 4401 Ἰσραήλ
1784 4318 1812 4380 ἐν
1827 4317 1954 4402 ῥομφαίᾳ
1964 4312 2011 4379 καῖ
2021 4317 2095 4398 πυρί.
2111 4311 2245 4395 (Addita

597 4443 696 4509 habet
710 4442 823 4508 eadem
839 4463 974 4528 prorsus
991 4461 1065 4506 cum
1080 4441 1151 4506 cod.
1167 4441 1361 4526 Augustam
1376 4442 1518 4507 Petavii:
1535 4440 1650 4528 καὶγὰρ
1666 4443 1785 4527 ζηλωτής
1801 4439 1848 4508 καῖ
1862 4441 1954 4527 φόλαξ
1969 4481 1995 4492 --
2010 4439 2057 4506 καῖ
2067 4441 2245 4525 χαρισμάτων

597 4569 660 4656 (sic
676 4569 879 4634 emendanda
899 4581 949 4634 est
964 4571 1126 4654 scriptura
1133 4567 1219 4654 Aug.
1231 4567 1302 4633 cod.
1311 4567 1414 4655 χρισμ.)
1430 4572 1518 4636 θείων
1534 4569 1593 4634 --ὁ
1608 4569 1637 4635 δὲ
1651 4569 1749 4634 τούτου
1762 4570 1891 4654 φυιτητὸς
1908 4563 2080 4654 (eodm.)
2090 4571 2245 4641 Ἐλισσαῖος

596 4701 627 4788 ήν
646 4702 675 4777 ἐξ
692 4708 752 4762 etc.
769 4695 857 4762 nulla
872 4695 1079 4760 distinctione
1095 4693 1206 4780 facta.)

702 4828 728 4900 S
730 4887 736 4899 ,
765 4825 920 4898 Ἐλισσαῖος
933 4822 965 4908 ήν
979 4825 1009 4900 εξ
1022 4825 1194 4909 Ἀβελμαιιάλ
1209 4819 1229 4908 (’
1238 4820 1421 4908 ίμελμουήλ),
1446 4829 1494 4908 γής
1510 4828 1559 4888 τοῦ
1571 4822 1682 4909 Ῥουβίμ
1699 4820 1788 4908 (add.
1805 4827 1892 4908 φυλής
1907 4827 1990 4900 Λευί,
2004 4825 2062 4898 υῶς
2076 4819 2242 4907 Ἰωσαφάτ.)

597 4952 640 5018 ε’πῖ
660 4954 756 5018 τούτου
778 4955 883 5036 γέγονεν
901 4954 995 5034 τέρας,
1014 4949 1056 5016 ὅτι
1074 4949 1156 5034 ἡνίκα
1174 4947 1235 5032 (καὶ
1256 4945 1337 5025 οὗτος
1351 4950 1381 5016 δὲ
1395 4947 1489 5036 ἡνίκα)
1506 4954 1607 5036 ἐτέχθη
1624 4954 1652 5016 ἐν
1667 4952 1837 5037 Γαλγάλοις,
1857 4949 1875 5034 ἡ
1890 4951 2007 5034 δάμαλις
2022 4950 2039 5035 ἡ
2054 4955 2139 5034 χρυσῆ
2155 4945 2186 5034 (ή
2202 4975 2244 5031 χρ.

649 5143 667 5200 ¹)
680 5136 805 5190 Huncin
818 5135 934 5190 modum
947 5134 1025 5188 solus
1038 5123 1134 5205 pe'rgit
1148 5134 1210 5189 eod.
1223 5132 1311 5190 Coisl.
1323 5133 1382 5188 224.
1505 5137 1525 5200 ²)
1538 5133 1710 5190 VitasElise
1722 5141 1752 5190 et
1762 5135 1886 5189 Elissaei
1899 5135 1971 5189 alter
1984 5151 2099 5206 quoque
2112 5135 2243 5188 codicum

595 5219 905 5292 AlterpostDanielem
915 5221 987 5274 duas
997 5225 1107 5274 tantum
1119 5219 1294 5288 vimshsbst,
1302 5218 1383 5274 Elias
1457 5218 1697 5276 coislinianorum
1712 5220 1853 5289 eontinet3
1870 5220 1920 5291 qui
1930 5219 2035 5292 quibus
2046 5217 2181 5286 differret,
2194 5219 2242 5272 ad·

597 5315 624 5362 et
634 5305 765 5361 Elissaei.
781 5303 856 5360 Vide
864 5304 940 5360 infra
947 5305 1000 5360 sub
1011 5309 1035 5358 Ε
1045 5309 1074 5359 et
1087 5315 1112 5364 ς.
1130 5303 1263 5359 Ceterum
1274 5305 1385 5359 numeri
1458 5305 1621 5361 ditsmentis
1634 5305 1690 5376 ipsi
1702 5306 1793 5361 textui
1804 5305 1937 5360 immixtis
1950 5302 2181 5376 significavimus.

596 5393 717 5446 vitarum
730 5390 760 5444 in
774 5387 934 5458 Cois1.224.‚
946 5397 979 5445 ut
989 5389 1139 5456 edidimus,
1153 5407 1250 5446 rursus
1263 5391 1344 5446 adA.
1353 5393 1385 5444 B.

598 5484 650 5530 etc.
664 5477 794 5530 redeunt.
