5244 6618
500 955 675 1039 άηιάσματος
692 955 780 1022 τύπον
798 959 912 1021 κάλεσαι
934 984 976 1030 τις
993 957 1119 1041 βούλεται
1139 955 1186 1022 καὶ
1205 958 1279 1022 οἶκον
1297 963 1347 1022 τού
1365 963 1436 1023 θεοῦ
1453 959 1565 1042 Ἰακώβ,
1584 957 1725 1040 προσηνὲς
1742 957 1791 1040 μὲν
1811 957 1842 1024 τὸ
1857 964 1973 1042 πράημα

500 1081 546 1148 καὶ
567 1087 617 1165 τῆς
636 1083 775 1164 ἀληθείας
797 1081 890 1166 άκρως
912 1084 1040 1168 ἐχόμενον
1061 1083 1115 1150 κάν
1136 1112 1178 1157 τις
1198 1089 1320 1168 θεωροίη
1343 1085 1525 1168 τρανιύτερον,
1549 1085 1653 1168 πληρης
1670 1084 1686 1150 o
1705 1095 1785 1157 θεῖος
1804 1080 1884 1158 οἶτος
1898 1086 1973 1158 οἶκος

499 1210 581 1292 δόξης
599 1215 710 1292 πολλῆς,
730 1209 801 1295 πλην
820 1211 899 1276 ἔσται
916 1210 970 1276 κάν
989 1223 1048 1283 τοῖς
1066 1212 1194 1296 ἐσχάτοις
1212 1213 1320 1286 τούτοις
1338 1223 1444 1294 καιροιζ·
1457 1215 1539 1294 με’ρος
1557 1239 1583 1277 τι
1605 1212 1686 1294 δόξης
1693 1209 1718 1296 ¹)
1739 1212 1973 1295 άπονενεμημίνον

499 1342 581 1402 τοῦτο
600 1337 681 1420 παρά
700 1344 750 1420 τῆς
763 1341 907 1422 βασιλείας
923 1365 983 1420 μον.
1004 1336 1076 1404 ούτω
1091 1337 1138 1404 καί
1152 1339 1185 1423 ἢν
1199 1341 1253 1422 εἶχε
1267 1339 1357 1405 πάλαι
1371 1337 1423 1404 idos
1436 1367 1478 1412 τις
1492 1338 1528 1404 άν
1543 1337 1588 1404 ἐπί
1602 1339 1634 1405 τὸ
1648 1343 1743 1422 μεῖζον
1756 1339 1831 1404 κατά
1845 1340 1894 1405 τὸν
1908 1365 1972 1421 προ-

497 1465 586 1546 φήτην
600 1465 823 1547 προκύπτονσαι·.

621 1597 721 1657 Ταῐτα
740 1597 804 1676 γοῦν
823 1593 856 1659 τὸ
870 1595 964 1674 παρὸν
978 1599 1028 1677 τῆς
1041 1598 1184 1677 βασάείας
1197 1621 1250 1677 μον
1265 1596 1432 1678 πρόσταγμα
1446 1595 1581 1678 βούλεται..
1600 1599 1670 1677 τιμζτ
1681 1593 1735 1678 γάρ
1748 1623 1765 1676 η
1778 1597 1905 1679 βασιλεία
1919 1621 1971 1676 μου

497 1717 547 1783 τὸν
561 1719 637 1784 κατά
651 1721 764 1802 καιρούς
778 1719 807 1784 ἐν
819 1725 860 1800 τη]
874 1725 949 1804 Σινᾷ
967 1722 1191 1805 προστησόμενον
1204 1727 1262 1786 τῶν
1276 1723 1431 1804 ύπερτίμων
1445 1726 1485 1800 τῴ
1501 1722 1651 1803 ἀξιώματι,
1669 1720 1717 1786 καὶ
1731 1723 1877 1803 διορίζεται
1890 1747 1970 1786 συνιε-

496 1855 665 1928 ριθμεῖσθαι
677 1849 770 1928 τρίτον
776 1843 802 1932 ⁹)
818 1859 881 1921 τοῖς
895 1845 968 1914 ούτω
983 1851 1166 1932 τετιμημένοις
1180 1850 1209 1913 ε’ν
1224 1846 1316 1914 άπασι
1330 1847 1378 1913 καί
1393 1853 1588 1930 σνντιμάσθαε
1603 1849 1632 1912 ἐν
1645 1861 1710 1922 ταῖς
1723 1849 1865 1931 προόὸοις,
1883 1851 1968 1913 καθί-

497 1979 584 2055 ὄροις,
599 1975 716 2040 στάσεσι
729 1999 760 2038 τε
773 1973 820 2039 καί
835 1977 1015 2041 σονελεύσεσι·
1031 1977 1237 2059 άμιηιίνινσθαι
1256 1974 1347 2040 δὲκαὶ
1362 1975 1454 2060 άμφια
1468 1975 1553 2041 ὁποῖα
1568 1973 1686 2040 καὶτῶν
1701 1977 1855 2060 άρχιεράον,
1871 1975 1970 2042 ὁπόσοι

496 2101 545 2184 τὴν
564 2102 692 2182 τοιαύτην
710 2101 789 2185 τιμὴν
807 2103 837 2165 ἐκ
855 2107 912 2168 των
927 2103 1032 2167 ἕκαθεν
1044 2105 1151 2188 χρόνων
1164 2101 1213 2168 καί
1226 2108 1274 2169 νῦν
1289 2104 1439 2187 άπελαβον.
1454 2098 1545 2170 τᾶλλά
1558 2130 1589 2168 τε
1603 2104 1699 2168 πάντα
1713 2101 1769 2169 ὅσα
1783 2103 1902 2177 τούτοις,
1921 2103 1969 2168 καὶ

495 2227 585 2309 τούτῳ
600 2229 764 2312 πρόσεσται,
784 2231 860 2294 κατά
877 2227 960 2313 μηδὲν
978 2231 1171 2312 ἐλαττούμενα.
1193 2228 1238 2296 ἐπὶ
1251 2229 1341 2310 τούτῳ
1356 2231 1409 2314 γάρ
1425 2231 1538 2314 ἐγεγόνει
1552 2229 1599 2295 καὶ
1614 2230 1630 2295 ὁ
1645 2227 1778 2314 naum)
1794 2229 1907 2314 ὁρισμὸς
1920 2236 1969 2313 της

494 2359 637 2440 βασιλείας
650 2383 710 2438 μου.
726 2355 801 2420 κατά
815 2363 889 2440 μηνιι
904 2358 1038 2439 Πάνεμον
1053 2355 1185 2440 ἑλληνιστὶ
1199 2357 1281 2442 ἤγουν
1294 2359 1404 2423 Ἰούλιον
1411 2357 1437 2443 ⁴)
1454 2361 1620 2430 ίνὸικτιωνος
1633 2355 1709 2442 aue)

518 2480 606 2547 Cod.
623 2481 749 2547 Tisch.
765 2483 806 2546 X.
830 2483 1097 2549 membranaceus
1111 2483 1263 2548 foliorum
1277 2485 1317 2547 41
1334 2485 1425 2549 form.
1441 2485 1611 2566 maximae,
1628 2483 1749 2548 saeculi
1765 2483 1958 2566 duodecimi,
1976 2505 2051 2569 qua-

331 2674 336 2685 ,
410 2611 460 2674 vis
480 2611 601 2696 pagina
615 2610 700 2675 binis
717 2611 875 2675 columnis
892 2613 1042 2696 scriptus.
1088 2609 1170 2674 Sunt
1182 2621 1248 2676 tres
1263 2610 1414 2676 homiliae
1433 2611 1586 2696 Gregorii
1600 2611 1800 2676 Nazianzeni
1816 2612 1962 2694 integrae
1978 2633 2052 2674 cum

409 2739 500 2802 initio
517 2749 659 2824 quartae.
704 2739 814 2802 Prima
829 2749 879 2802 est
893 2737 948 2802 fol.
965 2741 996 2801 l:
1017 2741 1055 2812 εἰς
1073 2741 1214 2823 ηρηηὸριον
1232 2740 1281 2806 τὸν
1296 2740 1417 2823 ortua
1430 2743 1577 2826 βασιλείου.
1620 2738 1771 2804 Secunda
1786 2737 1841 2802 fol.
1857 2737 1891 2802 5:
1908 2738 2053 2820 ἐπιτάφιος

409 2868 448 2940 εἰς
462 2866 511 2932 τὸν
525 2868 611 2950 μέγαν
626 2866 796 2932 άθανάσιον.
816 2865 928 2930 Tertia
939 2865 994 2930 fol.
1003 2866 1059 2929 24:
1075 2869 1114 2939 είς
1128 2866 1178 2950 την
1192 2871 1248 2932 τῶν
1263 2867 1362 2934 ἑκατὸν
1376 2866 1548 2952 πεντήκοντα
1563 2865 1720 2933 ἐπισκόπων
1734 2868 1898 2949 παρουσίαν.
1916 2864 2050 2946 Quarta,

410 2995 500 3057 euius
516 3015 580 3057 una
589 2993 711 3080 pagina
722 3015 796 3057 eum
807 2993 941 3058 dimidia
954 3003 1113 3078 superest,
1128 2993 1330 3058 inscribitur:
1346 2993 1408 3076 περὶ
1422 2997 1613 3078 ηιλοιττωχιίτς
1627 2993 1674 3059 καὶ
1688 2992 1750 3076 περὶ
1764 2995 2050 3077 ηιλοπτωχοτροφίας.

411 3119 526 3184 Codex
556 3129 606 3183 est
631 3117 714 3184 bene
740 3129 772 3184 ct
801 3131 952 3185 accurate
979 3123 1136 3206 scriptus,
1163 3123 1287 3208 passim
1310 3123 1407 3185 etiam
1429 3121 1566 3185 idoneus
1594 3121 1636 3186 ad
1664 3119 1900 3185 emendandum
1925 3128 2051 3183 textum

409 3246 546 3328 editum3
564 3247 622 3310 sed
634 3245 723 3311 nulla
737 3247 851 3312 harum
867 3247 1071 3312 homiliarrun
1087 3271 1205 3333 magna
1220 3247 1409 3313 difficultate
1425 3249 1538 3312 critica
1552 3247 1687 3312 laborat.

515 3373 604 3438 Ood.
622 3373 747 3438 Tisch.
765 3373 823 3438 XI.
845 3374 1111 3439 membranaceus
1131 3375 1283 3440 foliorum
1298 3375 1412 3439 decem
1428 3376 1520 3439 form.
1537 3376 1708 3456 maximae,
1729 3373 1851 3438 saeculi
1866 3375 1934 3438 fere
1950 3373 2048 3438 undu·

409 3504 491 3568 cimi.
537 3503 681 3582 Quaevis
697 3503 818 3588 pagina
833 3525 947 3566 versus
963 3504 1004 3567 37
1020 3504 1190 3567 continuos
1207 3502 1312 3567 babet.
1357 3502 1419 3566 Est
1433 3503 1650 3586 fragmentum
1665 3499 1849 3586 menologii.
1893 3499 2048 3584 Singulae

409 3653 490 3716 quae
511 3640 686 3716 supersunt
706 3631 791 3693 vitae
811 3652 962 3714 magnam
983 3629 1224 3694 similitudinem
1242 3651 1351 3694 earum
1368 3628 1488 3692 habent
1504 3651 1586 3713 quae
1602 3627 1707 3692 editae
1723 3637 1798 3692 sunt
1812 3629 1846 3690 in
1860 3626 2047 3712 Menologio

409 3755 610 3823 Graecorum
632 3767 692 3820 etc.
716 3756 833 3820 Urbini
858 3757 947 3820 1727.
980 3756 1074 3821 Folio
1095 3759 1122 3820 l.
1147 3779 1245 3822 versu
1261 3767 1353 3820 sexto
1369 3755 1501 3840 legitur:
1523 3763 1557 3839 τη
1572 3756 1641 3838 uici}
1656 3755 1754 3838 ημίρα·
1770 3755 1892 3837 άθλησις
1905 3761 1955 3820 τοῦ
1969 3755 2048 3839 άηίον
2074 3825 2079 3835 ,

406 3886 545 3970 μάρτυρος
562 3887 716 3968 προκοπιόν
735 3890 784 3950 τοῦ
803 3885 833 3948 ἐκ
852 3887 1034 3967 παλαιστίνης
1049 3894 1108 3948 etc.
1152 3883 1280 3948 Ibidem
1294 3881 1355 3966 μηνί
1370 3890 1420 3948 τῶι
1436 3884 1523 3949 abacia
1536 3875 1576 3966 κη.
1591 3883 1679 3965 μνήμη
1693 3887 1743 3947 τοῦ
1756 3881 1834 3947 ὁσίου
1848 3881 1957 3965 πατρὸς
1970 3882 2046 3965 ἡμῶν

408 4013 570 4097 άμφιλοχίοο
591 4011 742 4078 ε’πισκύποο
762 4013 870 4076 ι’κονιόν.
923 4010 1075 4097 Sequitur
1098 4011 1218 4074 ibidem
1243 4017 1286 4094 τηι
1307 4011 1419 4094 abitt)
1441 4009 1540 4093 ημίριι·
1562 4009 1650 4092 μνύμη
1671 4015 1721 4075 τού
1743 4007 1820 4074 ὁσίου
1841 4009 1950 4091 πατρὸς
1970 4009 2046 4092 νἠμιύν

406 4139 601 4224 ἱερομάρτυρος
623 4141 763 4204 σισι-ννιόν·
787 4139 937 4204 ἐπισκόπου
955 4141 1069 4216 κοζύιοο.
1114 4137 1238 4202 Textus
1258 4138 1447 4224 plerumque
1468 4159 1540 4200 cunr
1560 4135 1654 4200 editis
1671 4138 1835 4218 convenit,
1858 4157 1924 4198 non
1938 4145 2046 4200 tamen

406 4266 534 4353 ubique.
579 4265 631 4330 Ita
650 4263 705 4329 fol.
724 4266 751 4327 l.
768 4288 878 4348 versu,
900 4263 956 4328 ubi
972 4276 1022 4329 ost
1042 4271 1075 4348 τη
1091 4267 1160 4350 uiri}
1175 4265 1274 4349 ημίριι·
1290 4264 1412 4348 ἄθλησις
1426 4271 1483 4330 των
1498 4263 1584 4348 ἁγίων
1598 4264 1745 4347 μαρτύρων
1760 4263 1901 4347 άρχίππον
1914 4268 2046 4346 μαθητοῦ

406 4395 513 4459 παύλοο
533 4399 583 4458 τοῦ
602 4394 703 4458 άποστ.
723 4390 770 4456 καί
788 4394 935 4476 φιλημονος
953 4399 1003 4458 τοῦ
1016 4395 1188 4476 στρατιώτου
1201 4391 1249 4458 καί
1264 4393 1365 4476 άμιηία,
1387 4393 1495 4455 statim
1510 4390 1551 4455 ab
1567 4391 1659 4454 initio
1674 4391 1707 4452 in
1723 4389 1785 4453 hoc
1801 4389 1913 4454 codiee
1929 4388 2046 4474 legitur

406 4521 597 4604 ἐμαρτύρησαν
612 4521 640 4584 ίν
655 4526 785 4592 κολοσαῖς
800 4515 954 4604 (primum
971 4520 1127 4605 scripturn
1142 4529 1211 4584 erat
1225 4517 1387 4606 κολοσσοῖς)
1404 4517 1463 4603 tirou
1478 4519 1507 4582 ἕν
1519 4519 1623 4602 χώνιιις
1636 4518 1713 4584 πόλει
1727 4524 1775 4602 της
1788 4520 1914 4602 φριηίας,
1929 4516 1963 4580 in
1979 4515 2044 4580 edi·

405 4649 492 4712 tione
511 4669 589 4711 vero
611 4669 707 4733 quarn
727 4645 868 4710 diximus
884 4645 1041 4711 Urbinate
1055 4647 1081 4710 I.
1102 4669 1132 4732 p.
1149 4648 1220 4711 206.
1243 4645 1361 4710 desunt
1374 4644 1476 4710 verba
1490 4646 1519 4710 ἐν
1533 4651 1589 4710 κολ.
1604 4643 1671 4728 ἦτοι.
1714 4643 1797 4708 Item
1811 4644 1910 4708 editio
1926 4642 2045 4707 desinit

405 4773 505 4838 verbo
528 4779 685 4847 τελειοῦται,
704 4773 810 4837 codex
828 4795 906 4838 vero
926 4773 1071 4838 additum
1092 4773 1202 4838 habet:
1230 4774 1332 4857 ὁμοίως
1349 4771 1397 4837 καὶ
1415 4772 1431 4854 η
1450 4773 1517 4856 άηία
1536 4772 1637 4855 άμηιά.
1685 4767 1754 4833 Fol.
1771 4769 1801 4832 2.
1820 4769 1938 4854 legitur
1956 4771 2044 4852 μιημη

457 5031 476 5102 ¹)
494 5053 520 5085 τι
536 5033 624 5102 odire:
643 5033 684 5087 ita
702 5035 867 5104 scripsimus
878 5051 929 5103 pro
942 5031 958 5100 ἢ
972 5035 1056 5102 δόξης,
1069 5033 1145 5103 quod
1161 5032 1189 5085 in
1257 5037 1300 5084 καὶ
1317 5041 1424 5100 σημεῖον
1441 5033 1491 5096 (ita
1508 5032 1621 5085 videtur
1642 5028 1841 5098 compendium
1864 5027 1940 5098 quod
1960 5027 2043 5081 adest

406 5117 552 5172 codicibus
565 5119 736 5174 nostrisest.
1258 5117 1409 5186 legendum
1430 5123 1503 5182 esse)
1524 5116 1568 5169 διά
1586 5117 1702 5185 ἔροθρῶν
1722 5111 1882 5183 γραμμάτων
1901 5114 1946 5178 τῆς
1966 5119 2042 5172 θείας

455 5207 474 5266 ²)
494 5202 564 5258 Cod.
576 5203 678 5257 Dresd.
689 5209 783 5274 τρίτος.
1257 5206 1300 5254 καὶ
1313 5205 1445 5270 βασιλικῆς
1456 5200 1550 5270 χειρός.
1991 5209 1996 5216 “

454 5291 474 5352 ³)
494 5286 565 5342 cod.
577 5287 679 5344 Dresd.
688 5289 719 5341 τὸ
731 5288 824 5360 παρόν,
835 5286 949 5357 ὁρισμὸς.
1307 5291 1326 5351 ⁰)
1346 5284 1393 5339 Sic
1403 5285 1430 5338 b.
1444 5285 1461 5338 l.
1474 5285 1535 5338 iota
1547 5284 1700 5354 adscripto,
1711 5282 1788 5354 quod
1801 5287 1885 5338 antea
1894 5281 1962 5347 inti
1975 5279 2042 5348 αὐτῇ

455 5376 476 5444 ⁴)
495 5373 618 5441 Πάνεμον
629 5377 677 5426 tu.
689 5374 781 5441 ἤγοονε
794 5371 865 5426 h'aeo
875 5371 998 5426 eDread.
1009 5371 1188 5440 sumpsimus,
1256 5387 1309 5425 nec
1320 5369 1496 5440 adscriptum
1508 5386 1562 5422 nec
1575 5368 1665 5440 magis
1678 5367 1870 5438 subscriptum
1882 5370 1949 5422 erat
1963 5365 2040 5420 Pari-

405 5455 482 5526 Lips.
495 5475 552 5510 non
564 5457 660 5512 habet.
677 5459 779 5515 Dresd.
791 5463 877 5511 antea
888 5455 956 5509 κατὰ
965 5460 1057 5524 peras.
1255 5462 1298 5510 ter
1313 5454 1492 5525 scripturam
1505 5453 1539 5507 iis
1550 5469 1622 5524 quae
1635 5459 1792 5523 sequuntur
1804 5451 1931 5506 fluctuet.

455 5545 474 5606 ⁵)
493 5541 527 5596 In
548 5541 604 5596 tine
623 5543 685 5597 eod.
702 5543 804 5597 Dresd.
822 5541 950 5598 additum
969 5539 1071 5600 habet:
1098 5540 1149 5610 εἷχε
1168 5545 1194 5595 σε

1723 5665 1738 5709 8
