5244 6618
1002 741 1183 805 conroas
1205 741 1372 805 0010οΙ.
1993 741 2014 806 5
2077 809 2083 830 ,

364 949 462 1012 Curae
478 950 541 1010 crit.
556 951 576 1030 ξ
593 951 622 1011 7.
637 947 832 1026 mitgetheilt.
842 991 849 1006 .
860 993 883 1006 ..
926 947 993 1007 Auf
999 947 1087 1026 jeder
1103 945 1186 1008 Seite
1204 946 1271 1006 sind
1286 949 1305 1005 2
1322 945 1499 1020 Columnen,
1514 945 1563 1006 die
1578 945 1682 1006 Zeilen
1697 945 1764 1006 sind
1779 947 1847 1007 sehr
1861 947 1935 1008 hura
1949 949 2011 1008 und

364 1077 527 1138 schliessen
546 1077 590 1136 oft
611 1077 643 1138 in
661 1076 715 1135 der
728 1075 816 1136 Mitte
836 1073 889 1135 des
903 1074 1096 1134 werten...
1139 1073 1195 1134 Ich
1214 1081 1294 1134 setae
1314 1074 1397 1135 diere
1412 1071 1609 1134 Handschrift
1627 1073 1673 1133 ins
1690 1075 1738 1134 10.
1754 1074 1860 1134 Jahrh.
1906 1075 1957 1136 Sis
1972 1077 2011 1135 ist

363 1206 395 1264 in
408 1204 580 1266 Jerusalem
598 1223 652 1264 aus
665 1201 920 1277 'Handschriften‚
940 1201 989 1262 die
1008 1202 1064 1262 auf
1080 1202 1148 1262 dem
1166 1201 1299 1280 heiligen
1316 1202 1429 1280 Berge,
1448 1200 1697 1262 wahrscheinlich
1715 1201 1747 1260 in
1766 1201 1863 1262 einem
1876 1202 2010 1276 Kloster,

362 1331 523 1392 befindlich
537 1351 646 1405 waren,
660 1351 722 1390 von
735 1330 861 1405 Daniel,
880 1329 938 1389 wie
953 1349 1007 1389 aus
1022 1329 1075 1390 der
1088 1327 1292 1390 Untersehrift
1306 1313 1422 1403 erliallt,
1436 1327 1647 1407 geschrieben.
1658 1375 1665 1388 .
1675 1374 1700 1388 ..
1742 1329 1823 1390 Dass
1839 1329 1887 1390 die
1901 1329 2010 1390 Exom·

362 1459 455 1540 plara,
471 1478 524 1518 aus
540 1457 638 1518 denen
652 1459 696 1518 010
711 1459 778 1518 0100
791 1455 948 1517 Absehrift
961 1458 1013 1532 ist,
1033 1456 1102 1517 sehr
1117 1457 1161 1516 alt
1175 1476 1284 1531 waren,
1303 1457 1415 1516 wollen
1430 1457 1484 1516 wir
1498 1455 1581 1515 nicht
1594 1455 1779 1518 hezueifeln.
1823 1455 1875 1516 Sie
1889 1465 2011 1518 mtissen

362 1587 417 1646 mit
430 1585 540 1647 Unaial
549 1630 625 1644 .....
639 1584 835 1664 geschrieben
853 1604 993 1663 genesen
1012 1585 1085 1644 sein.
1128 1583 1246 1644 Nehme
1261 1604 1331 1642 man
1345 1603 1384 1642 an
1393 1629 1399 1642 .
1409 1629 1416 1642 .
1425 1627 1448 1642 ..
1465 1603 1497 1642 so
1513 1583 1614 1646 haben
1628 1584 1682 1643 uir
1696 1583 1761 1644 hier
1775 1583 1833 1644 den
1847 1585 1929 1645 Text
1943 1585 2012 1645 sehr

363 1713 440 1774 alter
461 1713 656 1774 Dokumente
680 1733 735 1772 vor
761 1731 833 1787 uns,
856 1711 906 1771 die
930 1731 987 1771 uns
1008 1711 1102 1771 demit
1124 1710 1217 1772 leicht
1243 1711 1274 1769 in
1296 1710 1345 1770 die
1367 1719 1445 1770 erste
1467 1711 1534 1774 Zeit
1557 1710 1610 1771 des
1634 1711 1872 1772 Christenthums
1894 1711 2010 1773 1110001-

362 1841 469 1900 ftthren
482 1885 558 1900 .....
602 1837 676 1902 Jam
703 1859 782 1902 vero
807 1835 913 1902 codex
938 1845 1051 1901 noster
1073 1833 1201 1900 duobus
1228 1835 1297 1900 fere
1326 1833 1465 1900 saeculis
1488 1834 1669 1900 Parisiensi
1692 1837 1855 1922 antiquior
1877 1836 2011 1903 easdem

362 1963 459 2051 plane
479 1987 552 2028 cum
572 1986 611 2030 οο
634 1963 890 2050 subscriptiones
911 1962 972 2028 sub
992 1961 1127 2049 singulis
1147 1960 1325 2046 evangeliis
1345 1960 1445 2027 habet
1460 1957 1516 2048 (cf.
1531 1962 1690 2028 faesimile
1705 1962 1793 2048 apud
1808 1961 2009 2030 Scholzium:

361 2089 681 2156 Biblisch·hritische
695 2089 793 2156 Reise
806 2113 856 2154 nr.
871 2089 927 2153 VI.
943 2088 997 2175 0.),
1012 2112 1074 2155 000
1093 2089 1222 2154 videtur
1236 2088 1303 2154 ulla
1320 2091 1355 2153 in
1373 2087 1428 2153 illo
1448 2089 1562 2155 codice
1581 2088 1733 2154 notabilis
1749 2091 1889 2156 inveniri
1902 2090 2009 2174 lectio,

364 2240 446 2305 quae
468 2241 534 2283 non
557 2219 600 2284 sit
622 2216 736 2282 eadem
759 2219 794 2282 in
816 2225 940 2300 nostro,
962 2218 1027 2282 nisi
1049 2216 1137 2302 quod
1157 2215 1260 2282 multa
1281 2215 1345 2281 aha
1368 2224 1482 2281 auctor
1505 2215 1702 2303 exemplaris
1724 2216 1922 2283 Parisiensis
1945 2221 2010 2284 iam

362 2353 486 2412 1001010
506 2345 672 2410 invenisse
694 2343 877 2409 censendus
900 2353 950 2409 est
972 2366 1054 2431 quse
1076 2345 1180 2409 nostri
1196 2343 1319 2409 codicis
1344 2345 1485 2430 scriptor
1504 2342 1644 2409 fideliter
1663 2367 1705 2408 ex
1724 2345 1905 2432 antiquiore
1920 2346 2009 2412 fonte

362 2471 480 2538 hausit.
525 2469 731 2558 Quamquam
747 2470 927 2554 Scholzius,
949 2481 986 2535 ut
1007 2470 1076 2536 fere
1099 2468 1234 2554 solebat,
1256 2493 1323 2536 non
1345 2471 1589 2536 accuratissime
1603 2470 1741 2556 Regium
1763 2471 1911 2537 codicem
1935 2495 2009 2538 con·

362 2598 476 2664 tulisse
491 2598 629 2664 videtur.
672 2597 835 2686 Exempla
853 2599 1078 2664 consensionis
1097 2599 1266 2684 utriusque
1284 2597 1367 2663 haec
1387 2607 1475 2662 sunt:
1497 2597 1520 2662 J
1522 2597 1573 2662 oh.
1590 2597 1618 2680 1,
1634 2597 1685 2661 28.
1701 2603 1850 2684 110110010ρᾷ
1865 2609 1898 2664 01
1911 2601 1941 2682 4,
1958 2599 2008 2664 31.

361 2727 552 2811 nuperrima,-
580 2726 660 2791 Luc.
686 2725 720 2809 6,
740 2725 790 2792 33.
815 2727 883 2792 αὐτό
897 2748 957 2813 pro
972 2726 1005 2792 τὸ
1027 2725 1111 2794 aiud:
1134 2725 1167 2807 6,
1183 2724 1233 2789 37.
1256 2725 1474 2808 uuraducdoqse:
1500 2725 1618 2807 19,14.
1641 2726 1783 2809 60100001
1805 2725 1861 2808 21,
1877 2727 1928 2790 21.
1946 2749 2008 2792 om.

362 2851 410 2918 καὶ
428 2854 455 2918 οἱ
472 2855 501 2918 ἐν
519 2854 593 2936 μέσῳ
612 2854 672 2919 αὐτ.
692 2853 786 2937 ἐκχωρ.
840 2851 967 2933 Quibus
989 2851 1070 2917 locis
1091 2853 1234 2918 omniurn
1255 2850 1318 2916 soli
1336 2852 1543 2917 consentiunt
1562 2850 1667 2916 codex
1685 2862 1797 2917 noster
1816 2862 1848 2918 et
1867 2851 2011 2919 Scholxii

362 2979 433 3044 262.
476 2978 566 3044 Alibi
585 2979 746 3044 accedunt
764 2989 865 3044 testes
885 2979 982 3066 pauci
1000 2979 1088 3066 iique
1106 2979 1252 3063 insignes
1258 3027 1267 3061 ,
1291 2989 1327 3044 ut
1344 2977 1419 3044 Joh.
1437 2978 1487 3064 16,
1502 2978 1553 3044 29.
1573 2977 1630 3043 ubi
1650 2979 1725 3062 αὐτῷ
1745 2981 1895 3046 omittunt
1914 2980 2009 3046 simul

362 3106 446 3170 BD*
470 3109 497 3170 1.
521 3105 593 3193 Syr.
614 3115 754 3192 poster.;
784 3108 863 3171 item
884 3106 965 3170 Luc.
992 3107 1041 3190 19,
1063 3105 1114 3170 45.
1141 3105 1198 3171 ubi
1220 3107 1326 3194 majus
1349 3105 1605 3172 additamentum
1626 3104 1706 3172 illud
1728 3107 1793 3173 iam
1816 3131 1836 3174 a
1857 3107 2008 3174 Scholzio

362 3243 651 3300 commemoratum
669 3233 689 3298 l.
704 3233 725 3298 l.
745 3255 819 3320 pag.
837 3233 885 3299 16.
907 3231 1003 3300 simul
1020 3241 1151 3298 tuentur
1165 3231 1198 3297 D
1213 3231 1307 3298 Aeth.
1324 3233 1396 3320 Syr.
1412 3241 1496 3320 0001.
1513 3255 1540 3298 0.
1556 3234 1713 3298 asterisco
1730 3245 1762 3300 01
1777 3235 1871 3300 codd.
1887 3235 2010 3324 aliquot

362 3361 486 3443 Latini,
508 3361 587 3424 item
600 3360 623 3426 J
625 3361 675 3426 oh.
692 3363 721 3444 1,
740 3361 791 3425 30.
807 3359 1035 3445 0111001εῇ111.
1056 3361 1085 3426 ἐκ
1097 3387 1121 3426 τ.
1134 3362 1201 3446 χώρ.
1217 3361 1277 3428 αίτ.
1293 3359 1390 3425 simul
1404 3359 1528 3426 addunt
1543 3359 1592 3423 13.
1609 3361 1659 3424 69.
1677 3370 1709 3426 et
1722 3359 1896 3428 Armenius
1911 3365 2008 3428 inter-

362 3510 447 3572 pres.
472 3485 679 3553 Conveniunt
694 3487 799 3554 codex
814 3497 926 3552 noster
942 3487 1177 3554 ctParisiensis
1194 3489 1291 3552 etiam
1306 3489 1341 3551 in
1356 3509 1394 3552 eo
1411 3486 1499 3574 quod
1511 3487 1684 3552 locosloh.
1701 3487 1759 3570 5‚3
1769 3510 1815 3575 sq.
1830 3489 1899 3573 et8‚
1911 3491 1928 3553 1
1938 3513 2007 3577 sqq.

363 3614 457 3680 obelo
480 3613 532 3679 vel
557 3615 714 3679 asterisco
740 3623 870 3680 notatos
899 3614 1060 3680 exhibent.
1110 3613 1287 3680 Praeterea
1312 3615 1347 3678 in
1373 3623 1485 3679 nostro
1509 3613 1622 3679 codice
1644 3613 1768 3680 scholia
1791 3616 2008 3701 inveniuntur,

361 3741 516 3828 pleraque
532 3742 651 3827 etipsa
665 3739 848 3806 uncialibus
863 3741 980 3808 litteris
995 3742 1173 3827 adscripta,
1194 3763 1333 3827 quorum
1351 3739 1506 3806 nonnulla
1521 3740 1647 3807 adrem
1661 3743 1807 3806 criticam
1822 3743 1954 3827 faciunt,
1973 3757 2009 3811 ut

363 3868 451 3956 quod
470 3877 520 3933 est
539 3868 582 3934 ad
595 3868 670 3934 Joh.
687 3870 716 3950 8,
736 3869 753 3932 1
771 3889 857 3955 sqq:
880 3869 918 3936 roi
940 3869 1099 3954 ddrlsour'uu
1123 3868 1151 3933 ἕν
1169 3893 1239 3935 τισιν
1262 3869 1441 3953 ἀντιγράφοις
1460 3869 1492 3935 οὐ
1509 3879 1609 3943 κεῖται,
1630 3867 1692 3934 οὐδὲ
1708 3869 1916 3953 Machaonios·
1936 3872 2008 3938 tuot

361 4007 420 4070 τοῖς
439 3997 566 4081 dequibus
583 3993 637 4063 diu
655 4007 753 4062 κεῖται·
776 3995 985 4080 emundatus
1001 4001 1051 4080 τῆς
1073 4000 1222 4080 περικοπῆς
1239 3995 1342 4078 suiuus·
1360 3993 1408 4062 καὶ
1430 3996 1457 4060 οἱ
1475 3995 1626 4062 ἀπόστολοι
1644 3997 1748 4070 πάντες
1767 3997 1795 4062 ἐν
1814 3995 1860 4070 οἷς
1879 3997 2009 4076 ἐξέθεντο

362 4123 519 4200 διατάξεων
532 4125 571 4197 εἰς
586 4122 730 4207 0111060010
743 4127 792 4208 τῆς
806 4124 956 4207 iniquior.

1149 4411 1224 4492 IV.

469 4627 584 4696 Codex
600 4631 807 4716 evangelicus
825 4631 998 4698 Graecus
1014 4631 1282 4698 membranaceus
1297 4631 1413 4698 litteris
1428 4629 1612 4696 uncialibus
1628 4630 1749 4696 saeculi
1764 4633 1842 4696 noni
1855 4633 2006 4720 scriptus,

361 4756 511 4822 versibus
528 4759 641 4844 quavis
657 4761 779 4845 pagina
795 4761 969 4842 continuis,
990 4759 1142 4825 foliorum
1159 4759 1219 4825 157
1235 4760 1323 4824 1041
1336 4760 1462 4846 majori.
1505 4758 1591 4824 Prae
1607 4759 1723 4824 ceteris
1740 4759 1848 4844 quoad
1861 4758 2007 4826 habitum

362 4895 394 4950 et
418 4885 613 4971 scripturam
635 4883 878 4952 similitudinem
900 4884 1000 4952 habet
1021 4887 1145 4952 codicis
1169 4885 1284 4973 Cyprii
1304 4887 1338 4950 in
1360 4884 1437 4952 bibl.
1456 4887 1562 4952 Paris.
1578 4886 1644 4969 63,
1668 4885 1711 4950 ad
1732 4886 1902 4971 evangelia
1924 4887 2006 4974 siglo

361 5011 394 5074 K
415 5012 527 5076 notati.
574 5009 728 5076 Continet
749 5011 953 5097 evangelium
971 5013 1084 5078 Lucae
1105 5015 1269 5096 integrum
1293 5009 1453 5098 (extrema
1475 5011 1554 5078 folia
1575 5013 1689 5078 decem
1709 5035 1751 5076 ex
1768 5012 1903 5078 madore
1923 5013 2006 5080 male

362 5139 479 5203 affecta
499 5147 584 5223 sunt,
609 5139 721 5206 sedin
739 5137 906 5204 meliorem
926 5148 1047 5204 statum
1065 5138 1172 5226 redigi
1189 5148 1328 5226 possunt
1348 5140 1458 5228 etjam
1477 5163 1497 5204 a
1515 5138 1667 5204 melecta
1682 5138 1788 5226 sunt);
1810 5140 1888 5205 item
1902 5139 2006 5206 Marci

362 5264 566 5351 evangelium
585 5266 731 5352 exceptis
752 5267 782 5349 3,
802 5265 916 5348 35-6,
937 5265 992 5350 20;
1023 5287 1122 5353 porro
1144 5267 1329 5350 fragmenta
1347 5265 1428 5332 haec
1447 5265 1608 5352 evangelii
1624 5265 1795 5332 Matthaei:
1820 5265 1849 5349 6,
1872 5267 2005 5334 16-29,

362 5392 390 5473 7,
406 5391 520 5474 26-8,
536 5391 587 5456 27.
604 5393 654 5476 12,
672 5392 804 5474 rra-14,
822 5391 871 5457 15.
886 5393 938 5476 20,
953 5392 1088 5474 25-21,
1106 5393 1146 5456 19
1171 5393 1221 5476 22,
1237 5392 1372 5476 25-23,
1390 5393 1438 5458 13.
1455 5403 1488 5460 et
1502 5392 1663 5478 evangelii
1671 5392 1831 5459 Johannis
1847 5393 1876 5478 6,
1891 5395 2005 5479 14-8,

359 5519 388 5582 3.
411 5517 456 5600 15,
476 5518 612 5602 24-19,
630 5520 660 5583 6.
710 5517 859 5600 Quadrat
876 5520 910 5584 in
929 5519 1015 5585 hunc
1035 5541 1163 5606 quoque
1184 5517 1255 5586 laus
1280 5519 1403 5586 codicis
1427 5521 1496 5586 eius
1520 5522 1573 5608 qui
1595 5520 1776 5608 praecedit:
1807 5543 1849 5586 ex
1869 5543 2005 5588 numero
