5244 6618
601 688 642 752 66

598 893 791 958 viridiorem
819 893 960 958 colorem
990 915 1087 980 quam
1110 895 1145 959 in
1174 893 1309 981 Syriaca
1334 893 1446 978 habet,
1473 895 1532 962 sed
1556 895 1591 962 id
1616 919 1688 961 non·
1702 895 1790 962 valet
1814 896 1857 961 ad
1879 896 2102 962 diversitatem
2130 901 2245 963 aetatis

599 1019 818 1106 probandam,
844 1023 968 1108 passim
996 1023 1094 1087 etiam
1116 1022 1173 1086 vix
1202 1031 1253 1088 est
1280 1021 1477 1106 differentia,
1505 1033 1541 1088 ut
1567 1021 1622 1088 fol.
1649 1023 1691 1088 25
1712 1033 1790 1089 rect.
1817 1046 1921 1089 verse.
1944 1025 1964 1088 9
1986 1034 2019 1088 et
2043 1025 2083 1088 10
2105 1023 2147 1090 ab
2170 1027 2245 1107 imo,

600 1146 654 1212 sol.
677 1148 718 1212 52
740 1157 818 1212 rect.
840 1170 924 1212 vers.
952 1148 1000 1213 12.
1023 1146 1066 1212 ab
1087 1149 1162 1232 imo,
1187 1150 1265 1213 item
1286 1147 1353 1213 foll.
1377 1147 1419 1214 34
1438 1159 1537 1232 recto,
1558 1149 1600 1215 39
1617 1158 1717 1232 recto,
1736 1150 1779 1216 45
1797 1161 1897 1234 recto,
1913 1150 1954 1215 58
1969 1173 2075 1234 verso,
2091 1151 2132 1218 59
2147 1162 2245 1234 recto,

599 1274 766 1357 sarecto,
789 1276 937 1362 inprimis
960 1273 1059 1340 rubra
1079 1277 1296 1364 interpunctio
1321 1277 1355 1340 in
1375 1286 1512 1363 utraque
1535 1275 1680 1342 eiusdem
1699 1299 1834 1362 prorsus
1858 1277 1977 1344 coloris
2000 1287 2058 1344 est.
2103 1278 2247 1344 Arabica

601 1424 728 1488 quoque
755 1405 915 1488 scriptura
943 1402 1048 1468 eidem
1075 1401 1169 1468 Eliae
1195 1401 1344 1468 Nisibeni
1369 1403 1573 1490 autographo
1601 1425 1758 1490 perquam
1783 1404 1898 1470 similis
1920 1415 1971 1470 est
1995 1417 2092 1492 atque
2115 1407 2245 1470 omnino

601 1528 787 1594 Gothanum
805 1528 987 1594 Issthaehri
1005 1528 1152 1615 aliosque
1172 1529 1357 1596 duodecimi
1377 1530 1500 1596 saeculi
1520 1530 1650 1596 codices
1670 1532 1861 1618 antiquitate
1876 1533 2054 1597 formarum
2075 1531 2245 1620 superat.¹)

559 1694 561 1699 ,
600 1654 778 1741 Utramque
805 1658 999 1742 scripturam
1024 1668 1056 1720 et
1082 1655 1253 1744 Syriacam
1281 1667 1313 1722 et
1339 1655 1518 1722 Arabicam
1542 1667 1694 1722 accurate
1720 1648 2032 1744 repraesentandam
2060 1662 2244 1725 curavimus

598 1781 663 1849 tab.
687 1783 745 1848 ΠΙ.
767 1783 839 1848 loco
860 1784 1015 1848 seeundo.
1058 1783 1276 1870 Desumptum
1296 1793 1346 1848 est
1364 1784 1428 1849 hoc
1447 1789 1613 1871 specimen
1636 1784 1754 1850 afolio
1778 1786 1974 1850 traverso.
2016 1785 2169 1852 Ceterum
2193 1787 2245 1850 hic

533 1921 537 1928 '
599 1912 704 1976 codex
726 1934 768 1976 ex
790 1911 905 1976 eodem
927 1913 1125 1976 monasterio
1149 1909 1255 1997 Copto
1278 1911 1399 1976 deserti
1420 1911 1544 1998 Libyae
1566 1913 1686 1998 petitus
1710 1921 1772 1994 est,
1799 1912 1885 1976 unde
1907 1913 2070 1978 uberrima
2091 1915 2245 2000 antiquis·

600 2041 755 2104 simorum
789 2039 936 2102 codicum
968 2038 1175 2125 Syriacorum
1206 2039 1300 2125 eopia
1329 2038 1422 2102 brevi
1450 2047 1526 2124 post
1555 2041 1617 2103 iter
1646 2061 1753 2104 meum
1789 2039 1944 2104 orientale
1974 2039 2160 2106 Londinum
2189 2041 2244 2106 ad·

600 2177 693 2230 vecta
716 2176 775 2229 est.

707 2291 796 2357 cod.
818 2292 945 2356 Tisch.
967 2291 1058 2357 XIII.
1079 2293 1346 2358 membranaceus
1366 2292 1518 2358 foliorum
1540 2293 1579 2356 12
1598 2295 1631 2356 in
1650 2294 1686 2357 4⁰
1706 2294 1830 2358 maiori.
1869 2293 1951 2358 Sunt
1971 2295 2034 2360 duo
2056 2307 2245 2361 octonarum

598 2419 801 2506 plagularum
828 2420 990 2502 fasciculi,
1020 2419 1079 2484 sed
1101 2423 1280 2486 exteriores
1305 2423 1471 2507 utriusque
1495 2419 1643 2486 fasciculi
1665 2420 1815 2507 plagulae
1839 2423 1859 2484 i.
1884 2443 1911 2485 c.
1935 2423 2040 2508 prima
2065 2433 2097 2486 et
2119 2433 2244 2505 octava,

599 2571 685 2613 nona
716 2558 747 2612 et
778 2547 956 2630 sedecima,
986 2548 1107 2614 dudum
1137 2551 1314 2634 perierunt.
1364 2547 1456 2628 Quae
1487 2570 1564 2613 vero
1599 2559 1774 2634 supersunt
1807 2548 1886 2614 folia
1916 2549 2143 2614 detrimentum
2169 2552 2244 2616 inde

600 2695 754 2770 oeperunt
778 2683 865 2768 quod
885 2686 1008 2769 passim
1029 2707 1102 2748 eum
1122 2707 1241 2771 gypso,
1264 2707 1327 2770 quo
1347 2684 1537 2749 membrana
1557 2683 1738 2748 circumlita
1760 2695 1822 2767 est,
1845 2686 1918 2771 ipsa
1938 2687 2100 2772 scriptura
2126 2685 2245 2750 resolvi

599 2808 638 2875 ac'
670 2809 776 2875 delabi
806 2813 927 2897 coepit,
957 2812 1097 2898 indeque
1126 2811 1255 2897 legendi
1288 2811 1510 2876 difficultatem
1539 2811 1645 2876 habet.
1699 2811 1843 2892 Quaevis
1871 2813 1992 2898 pagina
2019 2815 2153 2896 triginta
2178 2825 2244 2878 tres

598 2939 700 3003 lineas
722 2939 997 3024 comprehendere
1018 2938 1113 3022 solet,
1141 2941 1275 3026 quaevis
1293 2939 1380 3004 linea
1402 2937 1527 3003 litteras
1548 2940 1617 3004 fere
1637 2941 1929 3025 trigintaquinque
1949 2937 2056 3004 habet.
2100 2940 2244 3006 Litterae

600 3077 674 3130 sunt
689 3087 730 3130 cx
746 3089 856 3130 earum
871 3087 990 3150 genere
1007 3089 1086 3158 quas
1101 3065 1297 3151 Estrangelo
1313 3077 1445 3150 vocant,
1466 3067 1587 3132 similes
1608 3067 1754 3152 inprimis
1775 3068 1815 3130 iis
1836 3089 1916 3152 quas
1933 3089 1974 3130 ex
1989 3067 2244 3154 antiquissimol)

600 3191 841 3276 evangeliorum
871 3191 983 3256 codiee
1014 3193 1171 3258 Vaticano
1198 3193 1278 3277 XII,
1307 3194 1393 3259 dicto
1420 3195 1507 3281 apud
1532 3192 1748 3258 Assemanum
1776 3193 1932 3258 Nitriensi
1957 3194 1983 3258 Ι.
2013 3189 2111 3279 (Bibl.
2140 3195 2242 3260 Vatic.

601 3319 748 3404 Catalog.
767 3343 798 3407 p.
817 3319 843 3384 I.
864 3329 940 3384 tom.
960 3321 1001 3384 II.
1021 3344 1096 3407 pag.
1115 3322 1155 3386 27
1176 3320 1271 3409 sqq),
1294 3321 1435 3386 Adlerns
1451 3322 1625 3408 exscripsit
1643 3321 1681 3385 N.
1698 3321 1736 3385 Τ.
1753 3343 1855 3386 verse.
1873 3320 1944 3406 Syr.
1965 3319 2070 3385 tabl.
2114 3321 2167 3386 Ad
2182 3323 2244 3387 hoe

599 3447 777 3512 litterarum
803 3469 905 3531 genus
934 3447 1093 3512 accedunt
1120 3449 1183 3514 alia
1212 3451 1450 3518 remotissimae
1478 3449 1679 3535 antiquitatis
1702 3449 1831 3530 indicia,
1854 3458 1889 3512 ut
1913 3449 2046 3534 scriptio
2070 3449 2244 3514 verborum

600 3579 766 3658 contiuua3
790 3585 825 3638 ut
840 3598 1056 3640 consonarum
1073 3576 1330 3658 semivocalium,
1352 3579 1463 3664 puncti
1479 3576 1649 3659 diacritici,
1665 3575 1825 3640 vocalium
1842 3585 2096 3662 accentuumque
2111 3579 2242 3660 raritas3
2335 3561 2338 3568 ²

599 3715 634 3766 ut
663 3703 749 3788 quod
775 3725 817 3767 ne
841 3701 999 3766 librorum
1026 3703 1156 3788 quidem
1182 3705 1273 3769 initio
1300 3727 1418 3769 novam
1440 3704 1558 3770 lineam
1587 3704 1739 3768 librarius
1768 3725 1861 3768 orsus
1885 3725 1957 3768 esse
1982 3703 2242 3790 deprehenditur.

600 3831 690 3895 Haec
717 3831 825 3894 omnia
851 3831 1023 3894 coniuncta
1052 3830 1210 3894 eiusmodi
1239 3842 1313 3895 sunt
1341 3843 1376 3896 ut
1402 3842 1541 3896 aetatem
1568 3831 1691 3896 codicis
1718 3829 1804 3894 mille
1833 3803 1939 3895 'annos
1968 3831 2127 3895 excedere
2158 3831 2244 3896 haud

599 3955 811 4044 improbabile
828 3955 907 4041 sit³).
954 3957 1140 4044 Scripturas
1157 3959 1321 4043 specimen
1338 3959 1485 4024 dedimus
1501 3957 1565 4023 tab.
1581 3959 1640 4023 Ill.
1656 3958 1729 4023 loco
1745 3959 1854 4038 tertio,
1875 3959 1908 4022 in
1925 3981 1988 4043 quo
2005 3958 2242 4023 observandum

600 4095 663 4166 est,
683 4084 836 4168 quicquid
856 4087 1022 4168 signorum
1046 4108 1112 4148 non
1131 4084 1225 4170 plene
1249 4087 1469 4171 expressimus
1494 4086 1552 4150 sod
1577 4087 1706 4171 punctis
1731 4096 1855 4149 tautum
1879 4085 2112 4166 indicavimus,
2132 4086 2165 4150 id
2193 4086 2244 4149 vel

653 4299 670 4354 ¹)
690 4295 722 4347 ln
748 4294 792 4347 his
819 4293 939 4347 maxime
968 4300 1082 4347 secutus
1109 4313 1169 4348 sum
1199 4293 1387 4348 clarissimum

601 4379 815 4446 Gildonreister,
840 4379 889 4448 qui
920 4395 1011 4447 nuper
1036 4379 1162 4432 studiose
1191 4385 1219 4432 et
1247 4377 1388 4432 subtiliter

600 4471 691 4519 totum
714 4464 840 4518 codicem
862 4463 1041 4517 examinavit.
1085 4463 1140 4526 Qui
1163 4469 1229 4517 aute
1256 4480 1319 4517 eum
1342 4479 1387 4516 ex-

600 4550 783 4611 aminaverat,
801 4565 900 4618 parurn
919 4547 973 4600 sibi
991 4549 1133 4601 constitit:
1161 4565 1247 4618 quum
1267 4548 1341 4601 enim
1363 4563 1387 4600 a.

601 4636 674 4688 1845.
698 4633 797 4703 Syram
826 4634 994 4702 scripturam
1016 4633 1052 4686 ad
1080 4632 1219 4687 decimum
1243 4630 1387 4686 saeculum

600 4719 777 4775 referendam
803 4717 931 4785 dixisset,
954 4723 1091 4788 quattuor
1112 4717 1193 4770 annis
1212 4723 1279 4787 post
1300 4716 1386 4769 adnu-

600 4805 701 4859 merari
720 4805 809 4856 voluit
821 4802 1024 4856 recentissimis
1044 4802 1124 4856 libris
1137 4800 1309 4872 Estrangelo
1323 4798 1387 4854 cha·

600 4897 709 4943 ractorc
722 4888 845 4956 seriptis.
879 4887 987 4941 Addita
1001 4887 1037 4940 ad
1051 4886 1125 4940 hanc
1140 4886 1248 4941 codicis
1261 4886 1386 4954 descrip-

599 4976 706 5028 tionem
732 4979 865 5027 acrurato
893 4973 1050 5042 scripturae
1072 4971 1227 5041 specimine
1254 4971 1321 5024 viris
1345 4971 1386 5024 rci

600 5057 858 5128 palaeographicae
889 5058 958 5112 satis
989 5058 1089 5128 gnavis
1117 5057 1262 5110 iudicandi
1291 5063 1385 5110 utrum

600 5142 777 5212 probabilius
796 5141 833 5196 sit
851 5143 961 5211 copiam
979 5141 1107 5196 fecimus.

651 5233 669 5290 ²)
689 5227 716 5280 Is
743 5229 846 5294 codex,
873 5237 903 5280 ut
929 5228 958 5280 in
990 5227 1200 5295 subscriptione
1228 5233 1283 5294 est,
1311 5243 1385 5279 anuo

601 5312 705 5365 Christi
728 5313 785 5366 548.
811 5313 938 5365 Edessae
956 5328 973 5364 a
991 5311 1078 5366 fratre
1098 5312 1159 5365 Mar
1175 5311 1300 5364 Eusebio
1318 5309 1387 5363 Ara-

601 5415 680 5452 rnaco
699 5398 726 5450 iu
744 5415 825 5450 usum
846 5398 979 5452 coenobii
997 5395 1024 5453 S.
1044 5396 1172 5450 'l'homae
1190 5403 1322 5451 exaratus
1336 5403 1387 5448 est.

651 5485 671 5533 :q
692 5481 812 5552 Collega
830 5483 863 5535 el.
878 5481 958 5535 'l'nch
974 5482 1001 5534 in
1020 5483 1258 5536 commentatione
1273 5481 1307 5534 de
1321 5479 1387 5548 Lip-

1457 4294 1543 4348 siensi
1562 4295 1662 4347 codice
1675 4292 1864 4348 Pentateuehi
1878 4293 1943 4364 Syri
1959 4295 2161 4364 manuscripto,
2179 4313 2242 4364 pro-

1456 4385 1612 4448 grammate
1638 4379 1812 4432 auotumnali
1839 4377 1905 4430 anni
1934 4379 2014 4445 1849,
2037 4377 2110 4432 hanc
2136 4379 2163 4432 in
2185 4397 2242 4432 rem
2337 4437 2345 4455 ,

1458 4463 1539 4516 dicit:
1577 4462 1680 4530 „Quod
1707 4463 1810 4516 attinet
1842 4463 1880 4516 ad
1912 4462 2101 4518 definiendam
2135 4466 2242 4519 codicis

1456 4553 1578 4601 aetatem
1606 4545 1728 4601 firmiore
1756 4547 1871 4617 quidem
1899 4564 2027 4602 caremus
2048 4549 2242 4616 fundamento,

1456 4631 1551 4686 multis
1562 4637 1704 4686 tamen-n
1716 4649 1860 4686 movemur
1871 4639 1904 4685 ut
1917 4632 2020 4686 librum
2032 4633 2117 4687 istum
2128 4634 2242 4688 saeculo

1455 4717 1491 4772 X.
1509 4716 1586 4772 haud
1602 4716 1764 4770 inferiorem
1781 4733 1845 4770 esse
1862 4717 2081 4773 existimemus.“
2114 4718 2242 4772 Libellus

1455 4803 1524 4871 iste,
1547 4819 1631 4874 quem
1654 4801 1708 4871 ipsi
1731 4801 1760 4854 in
1784 4801 1973 4856 describendo
1998 4804 2097 4858 codice
2115 4801 2241 4872 inprimis

1456 4885 1547 4941 secuti
1561 4903 1671 4952 sumus,
1687 4887 1859 4956 tripartitam
1878 4887 2100 4956 disputationem
2118 4885 2241 4952 exhibet,

1455 4973 1506 5026 sed
1530 4971 1655 5025 nondum
1678 4972 1843 5041 publicatae
1869 4979 1935 5025 sunt
1958 4972 2013 5026 nisi
2036 4973 2144 5042 priores
2170 4971 2241 5026 duae

1455 5062 1565 5126 partem
1588 5073 1621 5109 se
1637 5055 1728 5126 prima
1745 5057 1860 5128 quidem
1879 5057 2088 5128 descripturus
2107 5055 2241 5110 varietate

1456 5140 1614 5210 explicatur
1632 5149 1668 5210 (p.
1689 5141 1796 5212 3-11),
1812 5143 1939 5197 secunda
1952 5144 1987 5196 dc
2003 5149 2170 5212 punctorum
2185 5141 2241 5193 dia·

1456 5226 1617 5280 criticorum
1644 5233 1672 5280 et
1695 5227 1834 5281 vocalium
1858 5245 1912 5281 usu
1933 5227 1971 5298 (p.
1993 5227 2127 5294 1149),
2156 5225 2242 5279 tertia

1441 5321 1522 5365 'vcro
1541 5311 1576 5365 de
1593 5319 1762 5366 accentuum
1781 5311 1890 5366 ratione
1912 5311 2081 5382 explicatum
2105 5310 2137 5363 iri
2156 5309 2241 5380 signi-

1456 5394 1571 5450 ficatum
1591 5403 1642 5450 est.
