5284 6620
786 911 856 976 Elz.

685 1041 894 1122 ἐπικαλούμενον

685 1172 844 1252 Βαρσαβιῦν

1187 909 1268 976 cod.

1026 1038 1191 1120 καλούμενον

1026 1167 1203 1251 Βαναίαν
1219 1161 1296 1250 (hoc
1311 1162 1395 1250 νῦν)

620 1293 670 1357 23.
683 1296 729 1360 διὰ
743 1297 831 1378 χειρὸς
846 1296 939 1360 αὐτῶν
950 1295 1017 1360 τάδε
1025 1294 1195 1358 confirmat

683 1420 730 1488 καὶΙ
745 1423 773 1488 οἱ
785 1421 898 1506 ἀδελφοὶ

620 1549 670 1612 24.
682 1553 805 1633 λε’γοντες
818 1552 1010 1632 περιτίμνεσθ.

726 1674 772 1741 καὶ
792 1703 850 1760 τηρ.
864 1678 913 1742 τὸν
927 1677 1011 1759 νόμον

684 1804 896 1887 διεστειλάμεθα

620 1930 670 1995 25.
684 1934 876 2014 ε’κλεξαμεῦωις

683 2191 739 2250 τῶν
754 2185 886 2270 ε’ποίναγκ,
897 2185 1001 2249 τούτων
1023 2185 1128 2249 τούτων
1142 2189 1198 2248 τῶν
1213 2184 1346 2268 ἔπόναχκ.

620 2313 670 2378 29.
683 2311 730 2378 καί
746 2317 858 2378 πνικτοῦ

561 2449 565 2456 ’
620 2442 670 2507 30.
682 2441 771 2526 ἦλθον

619 2569 670 2634 32.
681 2569 788 2641 Ἰούδας
803 2566 831 2631 δὲ

684 2695 863 2778 ἐπεστήριξαν

619 2823 671 2889 33.
683 2823 855 2895 ἀποστόλους

619 2950 670 3014 36.
684 2955 778 3014 ΙΙαῦλ.
793 2949 863 3032 πρὸς
877 2955 967 3032 Βαρν.

682 3077 747 3152 τοῦς
761 3076 898 3160 ἀδελφούς
913 3073 989 3158 ἡμων

682 3209 779 3269 πᾶσαν
794 3203 872 3268 πόλιν

619 3332 670 3396 37.
683 3331 864 3416 ἐβουλεύσατο

682 3459 731 3522 τόν
743 3457 873 3540 Ἰωάννην

683 3585 848 3667 καλούμενον

619 3715 670 3779 38.
682 3717 909 3797 σνμπαραλαβεῖν

620 3840 670 3905 39.
684 3843 790 3924 ἐγένετο
803 3837 851 3904 οῦν

619 3967 670 4032 40.
682 3972 731 4032 τοῦ
746 3971 817 4032 θεοῦ

705 4093 794 4158 XVI.

644 4224 671 4284 1.
683 4219 731 4285 καί.
746 4221 880 4304 Λύστραν

684 4349 810 4433 ηυναικός
824 4373 896 4421 τινος

641 4477 670 4541 3.
684 4475 808 4548 ἅπαντες

682 4605 730 4668 τὸν
745 4605 855 4682 πατέρα
870 4601 955 4666 αύτοῦ

724 4729 767 4795 ὅτι
777 4729 874 4812 Ἐλλην

640 4857 669 4920 4.
682 4859 847 4940 παρεδίδουν

682 4989 738 5049 τῶν
754 4986 942 5068 πρεσβετερων

680 5111 857 5196 Ἰερουσαλὴμ

640 5237 670 5302 5.
683 5241 714 5303 αἱ
725 5239 773 5320 μὲν
789 5237 835 5303 οῦν
851 5241 920 5302 ἐκκλ.

640 5365 670 5430 6.
681 5366 838 5439 διελθόντες

683 5493 731 5576 την
747 5492 906 5577 Γαλατικὴν

1025 1420 1138 1506 ἀδελφοί

1027 1677 1144 1740 omittit

1026 1803 1245 1886 διαστειλύχιεθα

1025 1933 1210 2012 ἐκλεξαμένοις

503 2083 506 2088 ·
620 2059 671 2124 28.
684 2063 723 2139 τῷ
739 2056 810 2143 ἁγίῳ
823 2059 917 2142 πνεῦμ.
1024 2063 1064 2137 τῷ
1078 2058 1173 2138 MV·
1188 2061 1228 2136 τῷ
1244 2056 1314 2141 ἁλίῳ

1023 2310 1070 2376 καί
1086 2315 1205 2376 πνικτοῦν

1024 2444 1168 2522 κατῆλθον

1022 2567 1101 2630 Ἰούδ.
1115 2593 1145 2630 τε

1023 2691 1194 2756 συνθεῖσαι

1024 2821 1246 2894 ἀποστειλαντας
1261 2819 1361 2893 αύτούς

1024 2950 1094 3033 πρὸς
1109 2954 1199 3032 Βαρν.
1216 2952 1310 3012 Ιίαῦλ

1024 3077 1089 3150 τοὺς
1114 3075 1242 3160 ’δολιχοὺς

1025 3203 1195 3267 confirmat

985 3422 989 3430 ι
1023 3331 1148 3416 ἐβούλετο

1024 3455 1070 3522 καί
1085 3459 1135 3522 τὸν
1147 3457 1277 3540 Ἰωάννην

1023 3585 1234 3666 ἐπικαλούμενον

1022 3712 1304 3797 συμπιιραλαμβιίνειν

1025 3843 1129 3925 ε’χένετο
1145 3839 1172 3903 δὲ

1023 3973 1072 4033 τοῦ
1083 3970 1173 4050 κυρίου

1024 4219 1070 4286 καί
1085 4223 1124 4294 είς
1138 4221 1272 4304 Λύστραν

1024 4349 1150 4433 γυναικὸς

1024 4475 1194 4540 confirmat

1021 4602 1064 4666 ότι
1074 4601 1171 4684 Ἕλλην
1185 4599 1201 4664 ῦ
1216 4601 1308 4685 πατὴρ

1070 4729 1155 4792 αύτοῦ

1025 4857 1211 4938 παρεδιδοσαν

1024 4986 1212 5067 πρεσβυτιρων

1020 5108 1215 5194 Ἱεροσολύμοις

1024 5239 1056 5302 αἱ
1066 5237 1115 5320 μίν
1130 5235 1177 5302 οῦν
1193 5238 1224 5301 αἱ
1237 5239 1307 5302 ε’κκλ.

1025 5369 1141 5447 διῆλθον

1025 5499 1055 5556 Γ
1053 5494 1184 5576 αλατικην

1620 910 1690 976 ΕΙτ.

1477 1040 1505 1104 7.
1519 1041 1650 1114 ἐλθόντες

1517 1169 1592 1233 κατὰ
1607 1168 1656 1252 τὴν

1517 1296 1689 1378 πορεύεσθαι

1517 1423 1550 1487 τὸ
1565 1427 1673 1504 πνεῦμα

1476 1549 1505 1612 8.
1522 1550 1646 1632 Τρῳάδα

1476 1675 1505 1737 9.
1519 1677 1564 1742 διὰ
1578 1681 1628 1759 της

2020 911 2101 978 Οοιλ

1858 1043 1991 1115 ἐλθόντες
2005 1040 2033 1106 δὲ

1857 1171 1897 1242 είς
1911 1169 1960 1252 την

1859 1300 2032 1378 πορευθῆναι

1858 1420 1915 1488 *τὸ
1925 1449 1970 1487 πν.
1979 1425 2076 1506 Ἰησοῦ,
2084 1422 2121 1461 **
2132 1422 2263 1504 οια.’1ησ.

1862 1551 2011 1632 Τρωόδαν·

1859 1675 2031 1740 confirmat

1518 1804 1606 1886 ὥαθη
1620 1809 1661 1884 τῷ
1676 1804 1785 1883 Παύλῳ
1860 1831 1884 1870 τ.
1901 1804 1993 1869 Ιλαύλ.
2008 1806 2096 1888 ὤφθη

1519 1930 1588 2014 ἀνήρ
1602 1957 1642 2004 τις
1657 1930 1690 2016 ἦν
1707 1931 1848 1996 Μακεδών
1860 1933 1931 2016 ἀνὴρ
1947 1937 2027 1996 Μακ.
2041 1957 2082 2005 τις
2096 1929 2128 2016 ἦν

1518 2063 1690 2140 παρακαλῶν

1457 2185 1504 2248 10.
1515 2189 1554 2260 είς
1568 2186 1617 2269 τἠν

1517 2312 1533 2378 ό
1547 2313 1638 2396 κύριος

1457 2439 1506 2504 11.
1518 2441 1692 2522 ἀναχθίντες
1706 2437 1754 2504 σύν

1520 2568 1579 2632 ἀπὸ
1594 2571 1643 2650 τῆς

1518 2700 1552 2777 τῇ
1567 2721 1596 2760 τε

1458 2822 1506 2885 12.
1520 2825 1627 2888 ε’κεῖθίν
1641 2847 1671 2886 τε

1518 2955 1567 3032 της
1584 2953 1763 3023 Μακεδονίας

1517 3079 1636 3142 κολωνία

1518 3332 1605 3414 ταύτῃ
1619 3337 1653 3414 τῇ

1457 3460 1506 3524 13.
1518 3460 1625 3533 πόλεως

1859 2057 1906 2124 καλ
1920 2063 2094 2142 παρακαλῶν

1858 2189 1898 2260 είς

1858 2313 1875 2379 ό
1891 2315 1961 2387 θεὸς

1861 2443 2034 2524 ἀναχθέντες
2048 2438 2077 2504 δὲ

1859 2569 1918 2634 ἀπὸ

1860 2701 1895 2778 τη”
1911 2695 1939 2760 δὲ

1858 2824 1991 2888 κάκεῖθεν

1862 2952 2042 3023 Μακεδονίας

1859 3077 1997 3142 κωλαίνεια
2019 3073 2092 3159 (sed
2113 3097 2193 3140 corr.
2214 3083 2265 3137 est

1901 3200 2045 3289 κολύνεια)

1860 3331 2029 3396 confirmat

1859 3459 1944 3542 πύλης

1517 3581 1550 3652 οῦ
1565 3589 1701 3670 ἐνοροζετο
1713 3586 1849 3670 προσευχὴ
1860 3588 2014 3670 ε’νομιῖομεν
2028 3586 2179 3668 προσευχην

1349 3856 1353 3864 ’
1456 3839 1505 3904 15.
1516 3845 1626 3923 μείνατε

1457 3965 1504 4030 16.
1517 3971 1557 4041 είς

1517 4096 1651 4168 πύθωνος

1518 4223 1678 4304 ἀπαντῆσαι

1457 4349 1504 4413 17.
1516 4351 1791 4433 κατακολιιυθὴσασα

1517 4475 1578 4560 ἡμῖν
1593 4475 1658 4541 ὁδόν

1456 4603 1504 4666 18.
1516 4603 1533 4668 ό
1549 4609 1666 4677 Παῦλος

1517 4732 1698 4815 παραγγελλω

1455 4859 1504 4921 19.
1517 4857 1565 4922 τὸν
1580 4859 1671 4922 Σιλαν

1454 4987 1504 5048 20.
1516 4987 1593 5049 εἶπον

1453 5111 1506 5174 22.
1518 5111 1727 5196 περιρρήξαντες

1453 5237 1504 5302 23.
1516 5265 1546 5302 τε

1453 5365 1504 5428 24.
1514 5367 1632 5449 ειληιχὼς

1454 5492 1504 5555 26.
1517 5493 1702 5576 ἀνεῴχθησαν
1717 5520 1747 5558 τε

1904 3713 2040 3798 (omisso
2057 3707 2103 3794 ού)

1858 3845 1950 3924 με’νετε

1859 3971 1899 4042 είς
1913 3970 1961 4053 την

1859 4097 1982 4161 πύθωνα

1858 4223 2014 4306 ὑπαντῆσαι

1860 4351 2139 4433 παρακολουθησασα

1857 4476 1919 4560 ύμῖν
1933 4477 1998 4543 ὁδόν

1859 4605 2027 4668 confirmat

1860 4733 2025 4817 παραγγελω
2041 4727 2127 4815 (hoo.
2144 4728 2227 4815 ace.)

1861 4857 2028 4922 confirmat

1859 4989 1940 5050 εἶπαν

1859 5113 2051 5198 περιρήξαντες

1859 5240 1887 5304 δὲ

1858 5369 1952 5451 λαβὼν

1857 5495 2028 5577 ἠνοίχθησαν
2043 5493 2071 5559 δί
