5284 6620
603 597 665 660 104

602 804 767 884 σωματικῶς
784 798 860 863 κατά
880 796 913 863 τὸ
932 795 1094 880 θαυμάσιον
1112 801 1169 864 τών
1187 803 1312 880 καρπῶν.
1339 797 1386 864 καί
1405 797 1451 864 ἐπὶ
1469 799 1576 874 τούτοις
1593 801 1678 866 πάλιν
1691 801 1835 866 Αίνέσατε
1856 801 1889 867 τὸ
1904 799 1993 883 ὄνομα
2006 803 2099 884 κυρίου
2113 805 2163 866 τοῦ
2176 806 2247 866 θεοῦ

601 928 692 1012 ύμοῦν,
708 925 739 999 ὃς
753 925 879 1008 ἐποίησεν
892 923 956 1007 μεθ’
972 922 1049 1008 ἐμοῦν
1063 926 1227 1009 θαυμάσια,
1247 923 1295 990 καί
1310 926 1342 992 ού
1355 925 1393 1011 μὴ
1407 931 1602 1012 καταισχυνθῇ
1617 926 1633 994 ῦ
1647 927 1717 1001 λαός
1729 954 1782 1011 μου
1795 929 1835 1001 εἰς
1847 927 1897 995 τὸν
1912 929 2016 993 αι’ώνα·
2036 927 2052 994 ὃ
2066 933 2116 994 τοῦ
2129 927 2246 1012 ἐσχάτου

604 1053 661 1122 ἐστὶ
675 1059 771 1138 καιροῦ
785 1049 833 1116 καί
847 1053 886 1124 είς
899 1051 933 1118 τὸ
946 1056 1047 1134 λεῖμμα
1060 1051 1093 1118 τὸ
1107 1057 1248 1128 πιστεῦον,
1268 1053 1327 1120 άπὸ
1341 1057 1391 1120 τοῦ
1404 1056 1572 1120 Σαάιισατι
1585 1055 1713 1138 σάλπιγγι
1727 1055 1756 1120 ἐν
1769 1057 1860 1129 Σίων,
1881 1055 1933 1128 ἐως
1947 1059 1996 1120 τοῦ
2009 1052 2073 1120 Καὶ
2087 1055 2119 1121 ού
2132 1055 2169 1138 μὴ
2183 1081 2246 1119 κατ-

604 1185 743 1267 αισχυνθῇ
758 1182 798 1246 ἐτι
811 1178 827 1244 ό
841 1177 911 1252 λαός
924 1205 977 1262 μου
991 1181 1030 1252 είς
1043 1179 1093 1246 τὸν
1107 1180 1206 1244 αἰώνα.

709 1315 746 1374 Β.
766 1305 825 1390 Ἐφ’
842 1305 884 1380 οἷς
897 1304 914 1390 ἡ
928 1310 979 1372 τοῦ
992 1307 1148 1389 πνεύματος
1160 1307 1230 1372 καθ’
1246 1304 1312 1374 ὅλου
1325 1307 1425 1391 δωρεά
1441 1307 1581 1392 ἀρξαμένη
1595 1305 1644 1390 μέν
1658 1308 1716 1375 άπὸ
1731 1313 1780 1392 τῆς
1792 1310 1905 1392 πρώτης
1916 1309 2080 1393 παρουσάας,
2089 1310 2245 1391 τιλεουμένη

603 1437 633 1504 δὲ
647 1437 676 1502 ἐν
689 1441 723 1518 τη
738 1435 860 1518 δευτέρᾳ,
875 1431 937 1499 Καὶ
952 1437 1010 1506 ποὶς
1023 1431 1073 1516 μίν
1087 1431 1119 1508 ὃς
1133 1433 1170 1499 άν
1184 1434 1379 1518 ἐπικαλέσηται
1392 1433 1425 1502 τό
1440 1433 1529 1518 ὄνομα
1543 1436 1635 1518 κυρίου
1649 1433 1824 1520 σωθήσεται,
1845 1435 1891 1501 διά
1905 1437 1943 1500 τά
1958 1436 2027 1518 ἔθνη
2043 1437 2164 1518 λέγεται·
2186 1433 2248 1518 περὶ

603 1565 632 1632 δὲ
646 1571 695 1632 τοῦ
707 1561 819 1646 Ἰσραὴλ
834 1561 966 1644 ἐπάγεται
980 1557 1023 1628 ότι
1038 1561 1066 1624 ἐν
1080 1566 1120 1641 τῷ
1134 1559 1191 1641 όρει
1205 1561 1283 1626 Σιών
1297 1559 1345 1626 καὶ
1360 1561 1389 1626 ἐν
1400 1560 1578 1646 Ἰερουσαλὴμ
1591 1561 1670 1629 ἐσται
1684 1562 1907 1646 άνασωζύμενος,
1929 1561 1977 1628 καὶ
1999 1563 2027 1628 ἐν
2047 1573 2105 1635 τοῖς
2121 1561 2246 1645 ῦπολειφ

602 1704 695 1759 θεῖσιν
710 1690 758 1764 οῦς
772 1689 862 1772 κύριος
876 1691 991 1753 καλεσει

709 1824 740 1883 Γ
738 1868 744 1880 .
766 1812 828 1881 Καὶ
841 1815 913 1898 μετά
927 1814 977 1899 τὴν
991 1814 1128 1880 ἐπάνοδον
1141 1813 1253 1900 Ἰσραὴλ
1267 1816 1361 1881 ἐθνῶν
1376 1815 1477 1899 ἐφόδου
1490 1816 1638 1899 πρόρρησις
1656 1815 1704 1882 καί
1723 1817 1816 1900 ἰσχύος
1827 1816 1937 1900 Ἰσραὴλ
1955 1814 2030 1882 κατὰ
2050 1817 2157 1890 έθνών,
2175 1814 2249 1882 ώστε

605 1947 813 2032 αἰχμαλωτίζειν
827 1940 875 2007 καί
894 1942 1007 2014 δούλους
1025 1952 1124 2008 ποιεῖν·
1146 1943 1207 2007 εἶτα
1226 1943 1378 2027 ἐπιφανοῦς
1396 1944 1518 2026 ἐνερχίας
1535 1948 1608 2010 θεοῦ
1625 1943 1700 2009 κατά
1719 1949 1775 2009 τών
1793 1943 2023 2026 ἐπιλειπομένων,
2044 1943 2109 2026 μεθ’
2129 1943 2163 2026 ἢν
2181 1945 2249 2028 λέγει

604 2072 666 2139 Καὶ
681 2074 759 2139 ἐσται
769 2065 949 2154 Ἰερουσαλὴμ
963 2068 1044 2153 άγία,
1066 2067 1114 2133 καί
1130 2069 1283 2153 άλλιηινιίς
1296 2069 1329 2135 οῦ
1343 2071 1525 2137 διελεόσονται
1538 2071 1578 2136 ἐτι
1592 2071 1623 2136 δι’
1641 2071 1726 2154 αῦτῆς
1739 2071 1834 2136 οῦκέτι
1861 2067 1930 2154 ῦπερ
1946 2069 2018 2153 μετὰ
2035 2069 2084 2154 τὴν
2103 2071 2133 2148 ἐξ
2152 2072 2249 2156 aiffa.

602 2203 708 2274 λοισίας
721 2203 942 2284 Βαβυλωνιακῆς
961 2197 1098 2262 ἐπάνοδον
1117 2197 1150 2263 ού
1168 2199 1288 2282 γέγονεν,
1309 2195 1349 2270 ώς
1367 2196 1383 2264 ὁ
1402 2197 1546 2282 προφήτης
1563 2207 1693 2279 προεῖπεν
1706 2195 1796 2264 Ὅταν
1814 2198 1974 2281 ἐπιστρεφω
1992 2195 2042 2280 τὴν
2057 2197 2250 2281 αι’χμσλσισάκν

600 2329 693 2395 Ἰούδα
710 2323 758 2392 καί
769 2325 956 2409 Ἰερουσαλήμ
976 2323 1050 2390 άλλά
1065 2328 1182 2408 Χριστῷ
1199 2322 1375 2407 πεφύλακται
1392 2329 1433 2405 τῷ
1451 2323 1641 2408 ἐπισυνάγοντι
1659 2324 1725 2397 τούς
1738 2325 1852 2408 ἐγγενεῖς
1864 2329 1914 2409 τῆς
1925 2323 2102 2408 Ἰερουσαλὴμ
2115 2325 2249 2408 πνεύματι

603 2454 651 2521 καὶ
665 2455 781 2537 σώματι.

710 2586 746 2645 Δ.
771 2577 835 2644 Καὶ
849 2578 944 2663 ἐπάγει
962 2579 1157 2662 καρποφορίαν
1175 2577 1339 2662 παράδοξον
1358 2575 1481 2644 καὶτῶν
1501 2578 1637 2662 ἀκάρπων
1650 2583 1757 2664 βουνοῦν
1775 2577 1823 2644 καί
1840 2578 1926 2662 όρσῦν,
1948 2576 1996 2644 καλ
2013 2577 2101 2662 πηγὴν
2122 2579 2152 2656 ίξ
2175 2577 2249 2644 οῦιοο

604 2711 696 2792 κυρίου
714 2708 911 2792 προχεομένην,
934 2707 1046 2788 ἐρημίαν
1073 2703 1102 2770 δέ
1122 2709 1298 2790 χωρούντων
1316 2707 1466 2788 πολεμίων,
1487 2711 1537 2788 τῆς
1559 2702 1589 2769 δέ
1604 2705 1742 2778 Ἰουδαίας
1759 2705 1934 2788 κατοικισμὸν
1956 2705 2067 2770 αἰώνιον
2089 2705 2136 2770 καί
2158 2707 2250 2788 κυρίου

604 2835 814 2918 κατασκὴνωσιν
823 2835 862 2907 εἰς
869 2832 955 2908 Σιών,
968 2831 1026 2898 άπὸ
1038 2837 1087 2897 τοῦ
1093 2831 1156 2898 Καὶ
1170 2833 1249 2898 ἐσται
1262 2833 1291 2897 ἐν
1305 2835 1339 2914 τῇ
1353 2831 1440 2917 ἡμέρη
1455 2833 1541 2914 ἐκείνη
1555 2831 1709 2910 άποστάξει
1723 2831 1760 2898 τά
1775 2831 1824 2916 όρη
1840 2833 2003 2916 γλυκασμόν,
2020 2832 2072 2905 ἕως
2086 2837 2135 2898 τοῦ
2148 2833 2249 2905 τελους.

1271 3049 1329 3114 ΕΝ
1344 3047 1407 3116 ΤΩ
1422 3049 1589 3116 ΑΒΔΙΟΥ.

711 3194 753 3256 Α.
774 3192 818 3255 Ἡ
828 3190 903 3255 κατά
918 3190 1033 3254 πάντων
1048 3189 1142 3253 ἐθνοῦν
1157 3187 1254 3273 άπειλίγ
1268 3189 1329 3253 κατ’
1346 3189 1446 3272 άρχύν,
1466 3189 1494 3253 ἐν
1510 3189 1552 3262 οἷς
1570 3186 1617 3253 καί
1636 3189 1653 3272 ἡ
1671 3188 1747 3254 κατά
1760 3190 1929 3272 Ἰδουμαίας,
1950 3188 2008 3254 άπὸ
2028 3193 2077 3271 τῆς
2095 3189 2182 3272 α’ρχῆς
2200 3191 2252 3261 ἕλος

603 3325 653 3388 τοῦ
665 3321 790 3385 Ἐκεῖθεν
804 3317 919 3394 κατάξω
934 3341 977 3391 σε,
996 3316 1066 3401 λέγει
1078 3315 1175 3398 κύρως.
1190 3313 1238 3380 καί
1253 3315 1281 3380 ἐν
1295 3317 1366 3380 τελει
1378 3345 1396 3400 η
1411 3317 1492 3400 αῦτη·
1513 3318 1638 3400 σωτηρία
1652 3314 1682 3381 δέ
1695 3317 1724 3380 ἐν
1738 3321 1779 3397 τρῦ
1794 3314 1851 3398 όρει
1864 3315 1942 3380 Σιών
1956 3313 2005 3380 καὶ
2015 3315 2181 3398 κατάσχεσις
2195 3321 2251 3380 τών

604 3449 699 3512 ἐθνοῦν
712 3445 768 3512 ῦπὸ
781 3444 892 3528 Ἰσραὴλ
906 3442 953 3510 καί
969 3443 1109 3516 άνάλωσις
1123 3447 1180 3507 τών
1195 3443 1307 3526 ἐχθροῖν
1325 3440 1373 3508 καί
1392 3444 1431 3516 είς
1449 3443 1519 3510 θεὸν
1537 3442 1554 3527 ἡ
1571 3447 1700 3528 βασιλεία
1717 3443 1845 3518 πάντων,
1868 3443 1889 3507 ά
1906 3448 2059 3526 πληροῦται
2078 3443 2106 3506 ἐν
2122 3446 2251 3524 Χριστῷ·
2363 3495 2367 3502 ,

605 3573 663 3640 άπὸ
677 3578 728 3640 τοῦ
743 3571 823 3637 Διύτι
837 3570 915 3656 ἐγγύς
928 3569 1015 3654 ι’γμέρα
1029 3571 1134 3652 κυρίου,
1150 3571 1203 3643 έως
1216 3575 1265 3635 τοῦ
1279 3571 1382 3644 τέλους.

1296 3787 1354 3854 ΕΝ
1370 3786 1433 3853 ΤΩ
1449 3787 1561 3854 ΙΩΝΑ.

709 3932 752 3994 Α.
772 3927 806 3995 ‘0
824 3929 911 4002 τύπος
928 3931 978 3993 τοῦ
996 3929 1089 4008 κυρίου
1107 3927 1136 3990 ἐν
1154 3928 1245 4010 κοιλίᾳ
1273 3927 1371 4008 κύτους
1390 3929 1445 4002 ζοῦν
1463 3924 1511 3990 καί
1529 3932 1604 4000 σώος
1623 3925 1682 3992 άπὸ
1700 3927 1799 4009 κήτους
1812 3925 1918 4008 προϊών
1931 3925 1978 3992 καί
1992 3926 2135 4009 κηρύσσων
2150 3926 2254 3996 ἀδίκοις

604 4057 726 4139 όλεθρον
741 4057 780 4128 είς
795 4055 968 4138 ἐπιστροφήν.

1229 4225 1233 4234 ’
1275 4219 1331 4284 ΕΝ
1347 4217 1410 4284 ἹῺ
1425 4217 1584 4285 ΜΙΧΑΙΑ.

711 4361 752 4422 Α.
776 4356 849 4440 Περὶ
868 4362 917 4422 τοῦ
937 4358 1072 4440 λειψάνου
1090 4363 1140 4423 τοῦ
1152 4355 1263 4441 Ἰσραὴλ
1282 4355 1329 4421 καί
1349 4354 1411 4440 περὶ
1429 4362 1479 4422 τοῦ
1497 4358 1664 4441 κληρονόμου
1682 4360 1839 4443 προφητεία
1858 4359 1886 4422 ἐν
1905 4362 1946 4438 τῷ
1964 4358 2097 4440 λέγεσθαι
2115 4357 2254 4441 πόρθησιν

606 4487 699 4554 αῦτοῦν
713 4484 761 4550 καί
776 4487 977 4570 αἰχμαλωσίαν,
992 4485 1183 4568 λαμβάνοντος
1198 4485 1228 4561 ἐξ
1243 4484 1337 4550 αύτοῦν
1350 4489 1422 4549 θεοῦ
1436 4483 1535 4550 στάσιν
1550 4484 1644 4560 αῦτοῦ,
1659 4485 1699 4559 ὡς
1713 4484 1729 4550 ὁ
1743 4485 1867 4558 Ἡσαΐας
1881 4483 1931 4566 τὴν
1946 4485 2044 4550 στάσιν
2059 4489 2109 4567 τῆς
2120 4483 2255 4568 Ἰερουσα-

605 4615 658 4698 λὴμ
682 4613 765 4698 άγίαν
786 4610 870 4696 φησὶν
892 4661 1018 4676 .......
1027 4608 1066 4695 1)·
1089 4610 1147 4678 άπὸ
1169 4615 1219 4676 τοῦ
1237 4610 1373 4694 Λύιμεται
1393 4611 1422 4688 ἐξ
1438 4611 1516 4694 ῦμσῦν
1534 4613 1633 4678 στάσιν
1651 4612 1749 4686 αῦτοῦ,
1771 4613 1848 4696 μέχρι
1866 4614 1916 4677 τοῦ
1930 4609 2003 4684 Ἕως
2021 4611 2070 4678 τὸν
2088 4611 2253 4694 κληρονόμον

607 4741 704 4826 άγάγω
721 4765 773 4806 σοι

711 4873 748 4931 Β.
768 4865 802 4934 ‘0
817 4868 845 4931 ἐν
859 4872 892 4949 τῇ
908 4865 1035 4946 ἐπανόδηι
1049 4865 1256 4948 καθηγούμενος
1270 4870 1320 4931 τοῦ
1334 4865 1445 4950 Ἰσραίγλ
1458 4867 1599 4950 βασιλεύς,
1619 4866 1688 4932 καθ’
1705 4867 1721 4933 ὃ
1741 4868 1809 4950 λέγει
1827 4865 1843 4932 ό
1862 4867 2005 4950 προφύγιης
2021 4865 2087 4949 Πρὸ
2101 4865 2253 4949 προσώπω

606 4995 698 5060 αὐτῶν
712 4997 849 5077 διέκοψαν
862 4993 959 5076 πύλην,
979 4989 1027 5058 καὶ
1042 4993 1160 5075 ἐξῆλθεν
1174 4990 1189 5058 ὁ
1203 4993 1330 5076 βασιλεῦς
1350 4993 1443 5060 αῦτοῦν
1461 4993 1516 5077 πρὸ
1536 4994 1687 5078 προσώπου
1705 4987 1810 5060 αῦτοῦν·
1830 4993 1889 5059 άπά
1912 4998 1962 5058 τοῦ
1980 4990 2043 5058 Καί
2059 4993 2137 5058 ἐσται
2155 4992 2185 5056 ἐκ
2203 4997 2252 5074 τῆς

605 5121 742 5204 σταγόνος
755 5127 805 5188 τοῦ
818 5127 888 5188 λαοῦ
903 5120 1001 5194 αῦτοῦ,
1017 5120 1069 5193 ἐως
1082 5123 1132 5185 τοῦ
1144 5117 1178 5185 ‘0
1192 5116 1222 5183 δέ
1235 5120 1326 5203 κύριος
1338 5120 1469 5205 ἡγήσεται
1483 5121 1583 5186 αύτοῦν.

708 5309 727 5372 ¹)
745 5304 779 5359 In
797 5304 897 5364 codice
916 5303 1053 5374 seriptum
1070 5309 1114 5358 est
1129 5303 1280 5375 πρόθησης,
1299 5305 1377 5376 quod
1396 5309 1557 5374 corruptum
1575 5319 1638 5360 esse
1655 5309 1783 5375 apparet
1816 5301 1939 5359 Videtur
1954 5303 2186 5373 πορθηονζσεσθω
2204 5301 2249 5356 vel

607 5389 698 5442 simile
711 5389 781 5461 quid
794 5388 993 5460 corrigendum
1006 5405 1077 5444 esse.
