5284 6620
606 730 648 796 82

605 933 740 1018 ὁπάργων
753 927 945 1016 ίγκλιήματι1);
965 930 1024 996 ἀλλ’
1041 931 1080 1004 εἰς
1093 929 1231 996 Ἰουδαίαν
1244 926 1368 1011 ὁρμήσω,
1386 927 1520 1010 πρότερον
1533 925 1582 993 τὸν
1597 925 1662 1010 ε’μὸν
1676 922 1787 998 διαθείς
1799 926 1860 1010 βίον
1866 919 1901 1009 ²).
1934 922 1983 990 καὶ
1997 920 2030 1004 δή
2051 918 2172 1006 οίπωςδ)
2194 927 2253 1006 βου

606 1061 773 1143 λευσαμίνου
786 1087 839 1142 μου
852 1058 938 1132 πολὺς
952 1057 968 1124 ὁ
982 1063 1032 1141 τῆς
1046 1061 1188 1141 παρολκής
1202 1051 1339 1142 ἐγένετοί)
1355 1055 1463 1139 χρόνος,
1478 1059 1535 1120 τοῖν
1549 1059 1684 1138 βιοντοιοῖν
1690 1051 1863 1138 πραγμάτων
1870 1049 2144 1118 δισωὰότωνόντων.
2167 1050 2255 1132 πέρας

606 1193 671 1272 γοῦν
684 1184 838 1271 συννοήσας
852 1181 1004 1269 ιὸδίποτε5)
1019 1184 1070 1269 τήν
1087 1187 1137 1250 τοῦ
1155 1185 1216 1268 βίου
1234 1183 1328 1265 φήσιν,
1350 1178 1393 1249 ότι
1412 1181 1501 1248 ἐλπίδι
1518 1177 1696 1267 ε’μπλοκῶνθ)
1716 1179 1782 1254 τοὺς
1798 1179 1971 1252 σπεύδοντας
1989 1178 2130 1262 ε’νεδρεόει,
2152 1177 2185 1244 οδ
2203 1176 2256 1261 μήν

606 1313 681 1380 ἀλλὰ
695 1310 743 1379 καὶ
756 1310 788 1379 όν
799 1339 868 1379 ποτε
881 1312 1045 1395 εἰσεκλόπην
1058 1310 1158 1396 χρόνον
1173 1309 1262 1376 ἐλπίσι
1275 1309 1448 1392 δονοόμενος,
1468 1305 1516 1374 καί
1530 1305 1574 1376 ότι
1587 1307 1676 1382 οίπως
1690 1307 1885 1391 ἀσχολούμενα
1898 1307 1924 1374 οί
1938 1306 2089 1391 ἅνθρωποι
2112 1305 2255 1388 ἀποθνήσ-

605 1467 699 1524 κομεν,
714 1439 752 1506 τὰ
765 1437 862 1508 πάντα
876 1466 929 1522 μου
942 1438 982 1512 ὦς
996 1438 1088 1522 ἔτυχεν
1103 1435 1185 1521 ἀφεὶς
1198 1439 1237 1511 είς
1252 1437 1366 1520 Πόρτωι
1372 1433 1399 1521 ⁷)
1416 1433 1533 1521 ὁρμησα.
1542 1433 1570 1520 ⁸)

711 1566 833 1632 Hamil.
848 1565 879 1647 Ι,
897 1565 944 1630 10.
961 1565 1015 1629 fin.
1033 1559 1090 1650 (cf.
1107 1563 1158 1628 ad.
1173 1563 1289 1628 Drass.
1305 1587 1337 1650 p.
1352 1560 1420 1650 34.)
1442 1561 1569 1648 εὔκαιρον
1589 1573 1648 1637 τοῖς
1669 1559 1752 1646 cist)
1775 1559 1847 1628 ὅλων
1873 1563 2002 1648 ἀγνοοῦσι
2027 1563 2106 1630 θεόν.
2155 1567 2255 1626 Τοῦτο

608 1697 694 1762 αι’ποῦ
707 1697 843 1780 λέγοντος,
859 1689 935 1778 ium)
952 1696 1114 1776 συμφωνίας
1129 1691 1253 1758 ἄτακτον
1266 1691 1384 1776 ήφίεσαν
1399 1693 1520 1777 γελωτα,
1539 1695 1726 1756 κατασιωπᾶν
1740 1687 1787 1756 καί
1803 1690 1917 1774 ἀπορεῖν
1936 1688 2021 1756 αιἰτὸν
2038 1691 2199 1773 πειρώμενα
2216 1689 2256 1763 οἱς

606 1821 749 1908 βάρβαρόν
763 1847 827 1888 τινα
841 1825 1024 1905 δωμονοῖντα.
1054 1820 1107 1904 ε’γοδ
1122 1817 1152 1884 δὲ
1170 1825 1262 1885 ταῦτα
1281 1817 1367 1902 ὁρῶν,
1391 1819 1462 1911 ζήλῳ
1480 1817 1529 1884 οὐκ
1547 1817 1598 1883 οἶδ
1619 1814 1698 1890 ὅπως
1715 1820 1847 1902 ληφθείς,
1870 1818 1977 1902 εὐσεβεῖ
1989 1823 2073 1900 θυμοῖ
2092 1821 2142 1882 τοῦ
2159 1822 2256 1882 λοιποῦ

606 1955 688 2035 σιγοῖν
702 1950 752 2016 οόκ
766 1949 941 2032 ἐκαρτέρουν,
963 1947 1037 2014 ἀλλὰ
1050 1947 1122 2032 μετὰ
1136 1947 1294 2030 παρρησίας
1309 1945 1396 2030 ἐβόων
1409 1947 1496 2030 λέγων
1509 1945 1639 2029 Εδλόγως
1652 1943 1669 2010 ὁ
1683 1945 1754 2018 θεὸς
1766 1941 1875 2030 ὁμῖνίλ)
1892 1943 2092 2028 ἀκατόλήπτον
2105 1943 2155 2028 τήν
2170 1943 2255 2010 mirsi

606 2079 733 2162 βούλησιν
747 2077 840 2150 ἔθετο,
855 2076 988 2152 ἀναξίως
1001 2074 1133 2158 προῖδοόν,
1149 2075 1179 2151 ἐξ
1193 2068 1281 2158 τόνδ’)
1297 2077 1345 2139 νῦν
1359 2071 1425 2146 τοὺς
1438 2071 1557 2157 κριτικόν
1570 2077 1635 2138 ναόν
1649 2073 1765 2156 ἔχοντας
1777 2075 1962 2156 πλήροφορυῖν
1972 2073 2110 2155 φαίνεται.
2133 2071 2191 2138 ἐπεὶ
2200 2072 2255 2156 γὰρ

606 2211 654 2270 νῖν
667 2209 717 2288 τής
731 2203 817 2270 αὐτοῦ
830 2203 985 2288 βουλήσεως
998 2199 1111 2286 κήρυκες
1126 2200 1369 2284 ἐξαπεστάλιγσαν,
1392 2201 1425 2266 οὗ
1439 2199 1630 2285 γραμματιστὴν
1645 2199 1870 2284 ἐπαγγδλόγωνοι
1883 2200 1991 2283 τίχνιγν,
2011 2197 2132 2286 visast)
2155 2199 2256 2274 ἁπλοῖς

606 2329 654 2395 καί
669 2331 855 2414 ἀπανούργους
868 2330 959 2414 λόγοις
966 2326 1004 2414 ¹⁴)
1020 2329 1070 2413 τήν
1085 2328 1170 2394 αἰτοῦ
1184 2328 1311 2412 βοόλήστν
1326 2328 1516 2410 ἐκφαίνοντες,
1538 2326 1578 2400 οὸς
1591 2327 1688 2392 πάντα
1697 2322 1736 2412 ¹⁵)
1752 2337 1825 2392 νοεῖν
1843 2326 1881 2392 τὰ
1899 2327 2044 2411 λεγόμενα,
2067 2325 2115 2392 καὶ
2134 2327 2167 2393 oi
2184 2327 2254 2410 μετὰ

607 2458 690 2535 ίξειός
709 2483 783 2532 τινος
802 2461 961 2541 φθονεραῖς,
984 2457 1114 2540 παρέχειν
1132 2461 1219 2521 πᾶσιν
1237 2454 1338 2538 ἑαυτήν
1355 2454 1392 2538 μή
1411 2449 1634 2540 βουλομιὸιγςῖθ)
1655 2453 1778 2538 πάρεστε
1794 2452 1871 2537 ὑμεῖς
1886 2454 1958 2537 πρὸς
1976 2454 2009 2521 τὸ
2017 2452 2056 2540 ¹⁷)
2076 2455 2113 2540 μή
2131 2468 2203 2520 νοεῖν
2221 2455 2254 2520 τὸ

606 2585 669 2667 ὑμῖν
684 2587 822 2668 συμφέρον
837 2581 881 2648 ἐπὶ
896 2589 930 2666 τῇ
944 2583 1061 2667 ὑμετέρᾳ
1075 2583 1165 2668 βλάβῃ
1180 2587 1262 2666 γελᾶν
1276 2581 1326 2664 τήν
1340 2583 1379 2655 εἰς
1392 2581 1442 2665 τήν
1457 2591 1517 2646 ate.

715 2709 879 2792 Homul,
902 2710 951 2774 12.
968 2709 1022 2773 fin.
1045 2705 1101 2794 (cf.
1119 2709 1168 2773 ed.
1185 2708 1301 2774 Dress.
1317 2729 1391 2794 pag.
1407 2705 1474 2794 36.)
1495 2707 1585 2774 ἄδικοι
1602 2705 1650 2774 καὶ
1668 2720 1830 2794 θεοστυγεῖς
1847 2708 1895 2774 καί
1914 2709 1963 2776 τὸν
1981 2709 2109 2786 σώζοντα
2127 2710 2254 2794 λογισμὸν

608 2841 647 2912 είς
661 2833 855 2922 ἀπιστείανίῦ)
872 2838 1098 2921 ἀπασγολυῦττες
1105 2833 1154 2920 ¹⁹).
1176 2842 1238 2910 πῶς
1252 2836 1411 2920 ωνγγνοίμιγς
1424 2845 1514 2918 τυχεῖν
1528 2835 1689 2919 δυνήσεσθε,
1703 2835 1753 2904 τὸν
1767 2835 1817 2920 τήν
1830 2835 2012 2922 θειότήταδθ)
2028 2841 2079 2903 τοῦ
2093 2843 2165 2903 θεοῦ
2173 2837 2254 2923 ἐπαγ-

608 2966 766 3050 γελλόμενον
779 2963 841 3048 ὑμῖν
856 2966 941 3030 εἰπεῖν
954 2963 1117 3048 ὁβριῖοντες,
1132 2961 1286 3030 καὶταῦτα
1301 2961 1457 3044 ἄνθρωπον
1474 2957 1527 3048 [ὃν]
1537 2959 1576 3047 ²¹)
1593 2964 1681 3048 ε’χρήν,
1696 2965 1722 3029 εἰ
1733 2961 1781 3029 καί
1790 2962 1873 3047 μηδὲν
1880 2962 1988 3048 ἀληθὲς
1994 2965 2110 3048 λέγοντα
2116 2961 2167 3050 ²²),
2183 2961 2252 3052 [διὰ]

607 3093 657 3175 τήν
672 3091 789 3176 ἀγαθήν
804 3091 890 3157 aizoi
905 3092 976 3174 πρὸς
992 3088 1110 3176 isacium)
1128 3091 1328 3167 ἀποδείξασθαι
1340 3091 1507 3172 προαιρεσιν.
1516 3086 1556 3176 ²⁴)

713 3216 833 3282 Homil.
848 3217 878 3300 I,
897 3218 945 3281 14.
963 3214 1018 3302 (cf.
1035 3217 1084 3284 ed.
1102 3217 1216 3280 Dress.
1232 3239 1307 3302 pag.
1323 3213 1378 3301 37)
1399 3217 1475 3300 τάχα
1494 3215 1590 3282 δὲκαὶ
1608 3216 1761 3302 συνοικήσω
1778 3216 1841 3301 ὑμῖν
1858 3218 1908 3284 τὸν
1927 3217 2024 3284 πάντα
2041 3247 2094 3302 μου
2113 3225 2163 3304 τῆς
2184 3225 2238 3304 ζωή

673 3487 691 3559 ¹)
710 3486 841 3556 Epitome
859 3486 915 3539 sie:
936 3489 962 3538 δν
978 3491 1024 3554 ἴσῳ
1040 3489 1086 3552 τῆς
1104 3485 1225 3555 οἰγιιλιίας
1243 3483 1277 3538 τόν
1293 3490 1395 3543 ίκείνοις
1464 3491 1593 3557 μαίνομαι
1601 3483 1648 3554 τήν
1664 3485 1763 3554 φυγήν,
1783 3489 1827 3540 καὶ
1845 3487 1909 3556 ζήλῳ
1921 3522 1935 3532 -
1946 3523 1959 3532 -
1972 3491 2097 3558 ληφθείς,
2113 3492 2190 3562 σιγᾶν
2206 3490 2254 3556 οὐχ

609 3571 754 3641 ἐγκλήματι.

670 3659 689 3722 ²)
703 3653 809 3710 Probi!
817 3655 961 3726 Epitome:
974 3659 1017 3708 καλ
1029 3654 1060 3708 οὐ
1071 3657 1198 3726 πρότερον
1208 3657 1255 3709 τόν
1266 3654 1327 3725 δμὸν
1335 3658 1395 3709 δια-

609 3748 668 3801 θείς
677 3747 744 3810 βίον,
753 3740 923 3800 εδςἸουδαίαν
931 3741 1096 3810 ἀφικνοῦμαι,
1104 3741 1206 3812 μάρτυς
1214 3745 1264 3795 τῶν
1272 3741 1396 3794 τοιούτων

608 3827 688 3886 αὐτὸς
699 3826 878 3896 γενησόμενος.

670 3913 692 3984 ³)
703 3912 748 3966 ita
761 3929 825 3967 cum
836 3911 981 3978 Parisin03
995 3911 1092 3966 Ottob.
1106 3910 1181 3966 οῖ’πιο.

670 4001 690 4060 ⁴)
705 3995 767 4052 Cor.
781 4001 808 4050 at
820 3996 869 4051 Dr.
882 3996 1002 4063 ίγινήθή.

672 4086 691 4144 δ)
704 4081 737 4134 In
749 4081 813 4150 ipso
827 4080 926 4136 codice
939 4087 984 4134 ast
995 4079 1121 4150 όδήποτι.
1146 4080 1237 4136 codd.
1249 4081 1396 4134 Parisinus

609 4173 638 4222 et
647 4166 745 4221 ottob.
755 4165 769 4218 ὁ
780 4167 892 4234 δήποτε.
914 4165 980 4220 δοαι
992 4166 1124 4220 Davisius
1138 4167 1261 4222 coniecit
1273 4157 1320 4219 ὁδί
1332 4184 1395 4218 ποτε

610 4251 765 4322 legendum
777 4267 849 4305 esse.

671 4338 692 4404 ⁶)
708 4334 855 4388 Parisinus
876 4338 998 4388 ίιιπλίκοτ
1018 4333 1188 4402 (cotelerius
1210 4335 1334 4391 coniecit
1350 4340 1397 4404 ίμ-

609 4421 725 4491 nisum),
739 4417 875 4474 Ottobon.
889 4423 1023 4473 ίκντλοκῶν.

673 4507 694 4573 7)
711 4505 816 4575 [lignos
837 4522 900 4558 eum
918 4503 1127 4574 Ottobonian03
1150 4503 1272 4560 (δοιοῖσι.
1293 4506 1397 4558 πόντον.

610 4592 703 4645 Etiam
716 4590 848 4659 Epitome
864 4589 960 4642 πόντον
975 4589 1076 4658 habet,
1095 4591 1146 4644 sad
1163 4591 1199 4644 sd
1217 4608 1281 4644 sum
1299 4591 1394 4645 locum

610 4678 665 4732 iam
677 4675 805 4732 Clericus
819 4674 924 4744 ίίὸρτον
937 4676 1107 4730 coniecerat.

672 4767 691 4826 8)
706 4759 766 4815 Cot.
780 4765 809 4814 εδ
820 4760 870 4816 Dr.
883 4759 1001 4830 ὁίρμησα.

671 4847 693 4916 9)
705 4847 763 4898 τότε
781 4845 822 4899 ita
841 4845 932 4900 codex
950 4851 1047 4900 noster
1062 4861 1113 4915 pro
1129 4849 1180 4898 τῶν
1194 4847 1224 4900 in
1237 4846 1319 4901 codd.
1331 4846 1395 4900 Par.

610 4937 639 4986 et
656 4929 752 4985 Ottob.
781 4930 861 4985 Inter
879 4930 1020 4984 variantes
1038 4931 1176 4985 lectiones
1194 4931 1231 4984 ad
1253 4931 1397 5002 geminum

609 5016 757 5086 Epitornes
769 5013 863 5069 locum
877 5021 921 5069 est
932 5015 977 5068 τὸν
987 5019 1046 5069 τῶν.

663 5105 692 5164 10)
705 5102 743 5154 ix:
756 5101 796 5154 itu
810 5117 873 5153 cum
886 5101 1031 5172 Epitoms3
1045 5099 1107 5156 Cot„
1119 5117 1187 5156 vero
1200 5107 1228 5156 et
1239 5101 1289 5154 Dr.
1302 5099 1335 5160 ὡς
1346 5103 1379 5153 δι.

662 5190 693 5248 ¹¹)
710 5184 781 5252 ι’·μῑνε
799 5184 840 5238 ita
857 5201 920 5238 eum
936 5185 1068 5240 Parisino
1087 5191 1117 5240 at
1133 5185 1280 5256 Epitome3
1300 5185 1396 5241 ottob.

609 5293 678 5339 ημιν.

661 5358 691 5418 1ί)
702 5345 893 5421 ίεῶι,ἰίεοοιιι
899 5355 1120 5429 Epitoms‚quae
1131 5355 1203 5410 iniis
1215 5371 1288 5427 quae
1297 5355 1396 5426 paullo

610 5440 1175 5510 antelegunturmagnoparsabHomiliis
1187 5440 1397 5507 δίευεδίίίκοθ-

610 5525 677 5594 άπερ
685 5525 818 5594 βάρβαρόν
828 5545 887 5578 τινα
898 5530 942 5578 καλ
952 5527 1114 5596 μιαινόμενον.
1127 5526 1174 5591 ίγώ
1185 5529 1208 5580 δ.
1217 5547 1241 5579 τ.
1253 5547 1275 5580 ο.
1286 5529 1395 5598 διαθερ-

1466 3572 1591 3642 ὑπίμινον
1612 3570 1692 3640 stc.)3
1719 3571 1809 3626 Paris.
1832 3589 1898 3628 varo
1919 3572 1952 3632 ὡς
1967 3575 1994 3632 ἐξ
2011 3564 2056 3636 όν,
2077 3574 2144 3628 item
2165 3582 2197 3630 ut
2215 3577 2253 3628 vi-

1467 3658 1550 3712 detur
1562 3654 1658 3711 Ottob.

1520 3743 1550 3812 ¹⁸)
1563 3739 1626 3796 Cot.
1639 3746 1668 3796 et
1679 3741 1729 3796 Dr.
1741 3741 1806 3794 ἀλλ’.

1521 3831 1548 3892 ¹⁴)
1566 3827 1665 3891 λόγοισι
1686 3827 1728 3881 ita
1747 3845 1811 3883 sum
1833 3826 2042 3897 Ottobonian03
2063 3831 2140 3901 apud
2163 3829 2254 3886 Ooiel.

1469 3913 1605 3968 omissum
1618 3917 1669 3966 ast.

1521 4001 1550 4064 15)
1564 3994 1626 4052 cot.
1631 3997 1720 4050 πάντα
1726 3995 1873 4052 immota
1884 3997 1929 4052 τόν
1941 3998 2100 4063 ἀκούσαντα,
2112 4000 2162 4054 Dr.
2170 4001 2253 4056 πάνθ’

1468 4081 1601 4136 ὁντιναοῦν
1617 4081 1780 4147 ἀκούσαντα,
1797 4083 1864 4136 item
1876 4083 1952 4154 Epir.
1964 4085 2054 4137 πάντα
2065 4082 2200 4140 ὁντιναοῦν
2209 4087 2255 4140 τὸν

1469 4167 1628 4222 ἀκούσαντα.

1521 4257 1550 4318 ιί)
1563 4253 1608 4306 Ita
1621 4270 1684 4308 cum
1696 4251 1761 4307 Par.
1774 4257 1803 4308 ai
1815 4251 1912 4308 Ottob.
1925 4255 2005 4309 cuius
2022 4255 2051 4309 in
2067 4256 2194 4327 margins
2211 4265 2255 4312 ast

1468 4339 1630 4407 βουλόμενοι.

1522 4429 1549 4490 ¹⁷)
1562 4423 1627 4493 πρὸς
1638 4424 1668 4477 τό
1682 4439 1746 4478 sum
1754 4419 1911 4492 Coteleri03
1923 4422 1972 4480 Dr.
1983 4441 2046 4480 sum
2055 4426 2131 4497 Epir
2138 4427 2203 4498 πρὸς
2212 4431 2254 4498 τῷ.

1521 4513 1550 4574 18)
1565 4507 1627 4564 cot.
1640 4513 1669 4563 at
1679 4508 1730 4562 Dr.
1743 4507 1876 4562 ἀσωτίαν.

1522 4597 1551 4658 ιο)
1564 4593 1608 4646 Ita
1619 4597 1651 4646 ut
1663 4609 1763 4662 supra3
1777 4591 1838 4647 Cot.
1844 4611 1910 4650 vero
1924 4599 1953 4649 et
1963 4594 2013 4648 Dr.
2023 4612 2120 4650 rursus
2133 4596 2254 4664 ἀποσχο-

1470 4681 1580 4736 λοῦντες.

1517 4767 1548 4828 ’0)
1562 4763 1605 4817 Ita
1617 4778 1680 4817 uum
1693 4759 1902 4832 Ottobonian03
1917 4762 2007 4820 Cotel.
2022 4765 2147 4834 θεότιμον.

1518 4851 1549 4915 ²¹)
1563 4847 1592 4900 ὅν
1603 4848 1632 4901 in
1644 4853 1742 4902 nostro
1756 4849 1818 4902 sod.
1831 4849 1967 4904 omissum
1980 4855 2030 4906 est

1518 4937 1549 4996 Ξ1)
1573 4932 1618 4986 Ita
1641 4949 1705 4986 cum
1730 4931 1938 5002 Ottoboniano;
1966 4935 2056 4991 Cetei.
2079 4935 2253 5004 ἀληθεύοντα.

1467 5018 1545 5072 Illud
1558 5018 1601 5070 διά
1615 5018 1692 5088 quod
1705 5017 1847 5090 sequitur,
1864 5037 1918 5075 nac
1930 5021 1960 5074 in
1971 5027 2070 5076 nostro
2083 5037 2136 5076 ner
2148 5023 2177 5076 in
2189 5023 2253 5078 rali-

1469 5104 1533 5174 quis
1547 5103 1630 5157 codd.
1643 5102 1756 5174 legitur.

1519 5189 1551 5256 ²³)
1565 5186 1656 5243 Gotel.
1669 5193 1698 5242 at
1708 5187 1759 5242 Dr.
1771 5187 1836 5260 πρὸς
1847 5187 1922 5259 ὑμᾶς.

1521 5273 1553 5342 ’4)
1576 5273 1655 5327 Haec
1672 5274 1766 5328 omnia
1787 5275 1872 5344 longe
1893 5274 1977 5329 aliter
1999 5274 2129 5345 Epitoma
2153 5275 2253 5332 habat:

1468 5359 1603 5412 Extrema
1621 5359 1676 5412 sic:
1697 5349 1716 5410 ui
1732 5361 1846 5428 μεγάλης
1863 5357 1976 5423 ἀδικίας,
1993 5359 2036 5413 ὁτι
2053 5366 2128 5431 μέχρι
2149 5362 2254 5432 φθόνου

1469 5444 1568 5508 (φόνου)
1585 5443 1773 5498 κινδυνεύουσιν
1789 5449 1815 5497 oi
1829 5447 1878 5498 τοῦ
1893 5449 1961 5498 θεοῦ
1977 5445 2092 5515 κήρυκες,
2110 5451 2254 5501 καὶταῦτα

1469 5527 1521 5583 rimi
1532 5533 1583 5582 τῶν
1596 5533 1631 5589 τίς
1643 5535 1771 5600 σωτηρίαν
1782 5533 1943 5600 καλουμένων
1955 5531 2063 5601 ἀνδρῶν.
