5284 6620
1189 1009 1231 1074 X.

491 1161 530 1225 In
550 1159 664 1228 codiee
682 1159 931 1228 membranaceo
950 1159 1028 1226 bibl.
1047 1162 1166 1249 Impar.
1181 1161 1286 1228 Paris.
1302 1185 1351 1228 nr.
1366 1161 1440 1247 296,
1455 1183 1521 1227 non
1535 1162 1693 1230 mediocri
1707 1165 1908 1251 antiquitatis
1923 1163 2030 1248 laude,

387 1289 594 1354 inveniuntur
608 1287 663 1355 fol.
679 1288 730 1354 68.
746 1297 837 1355 recto
852 1297 886 1355 et
900 1311 968 1376 seq.
981 1299 1137 1377 excerpta
1151 1289 1311 1376 quaedam
1325 1287 1427 1356 libelli
1441 1289 1694 1376 archaaologici,
1714 1293 1806 1358 euius
1822 1292 1910 1378 quod
1928 1295 2032 1359 sciam

384 1437 446 1482 nee
456 1425 571 1481 auctor
581 1438 643 1482 nee
653 1424 881 1502 argumentum
892 1417 1040 1482 innotuit.
1063 1416 1179 1502 Longe
1190 1418 1366 1484 maximam
1377 1417 1801 1504 partemin‚,deliramentis
1813 1420 2031 1508 apocryphis“

385 1542 538 1628 ponenda
567 1567 641 1609 esse
670 1543 758 1610 hand
789 1544 923 1610 dubium
950 1554 1010 1609 est.
1059 1543 1229 1610 Laborant
1252 1567 1373 1630 magna
1399 1547 1579 1632 scripturae
1604 1547 1796 1630 vitiositate:
1821 1547 2030 1614 nihilominus

385 1671 528 1756 insignia
543 1681 618 1738 sunt
631 1671 768 1738 vocibus
783 1671 893 1738 multis
910 1671 988 1738 alibi
1002 1671 1148 1738 nondum
1162 1673 1303 1737 inventis
1322 1673 1428 1759 iisque
1447 1695 1489 1738 ex
1507 1682 1600 1760 parte
1619 1683 1707 1738 certe
1726 1673 1814 1738 haud
1833 1674 2031 1761 improbabi-

384 1796 459 1864 liter
473 1799 597 1864 affictis.
627 1798 800 1866 Eiusmodi
815 1808 890 1864 sunt
904 1804 1014 1876 καῦκος,
1030 1799 1118 1886 quod
1133 1822 1232 1886 saepe
1246 1801 1413 1887 repetitur,
1429 1805 1551 1885 γοῦρδον,
1567 1801 1824 1886 στρογγυλογίναος,
1838 1802 2030 1886 ῥαντοπόλιος,

384 1926 602 2012 λιγνομάγουλος.
646 1927 811 2014 Inscripta
833 1935 922 1992 sunt:
947 1929 998 1993 Ἐκ
1019 1931 1085 1994 νοῦν
1106 1933 1276 1994 ΕΛΠΙΟΤ
1296 1931 1356 1993 τοῦ
1376 1926 1540 2012 Ῥωμαίου
1565 1927 1900 2014 ἀρχαιολογουμένων
1925 1933 2030 2015 τ’κκλη

385 2060 565 2138 σιαστικῆς
586 2055 754 2139 ἱστορίας·
775 2053 850 2137 περὶ
870 2054 1094 2138 χαρακτήρων
1115 2059 1325 2138 σωματικῶν.
1362 2052 1474 2119 Primo
1489 2053 1562 2119 loco
1578 2061 1641 2120 est:
1656 2053 1719 2140 περὶ
1732 2055 1832 2140 Ἀδάμ
1862 2055 2030 2144 Sequitur:

385 2181 447 2266 περὶ
460 2188 570 2266 μσρηής
584 2181 703 2248 ἑκάστω
716 2185 773 2246 τῶν
786 2185 945 2266 προφητῶν.
984 2180 1116 2246 Primus
1132 2190 1183 2245 est
1196 2181 1330 2246 Iesaias.
1361 2179 1532 2246 Secundus
1547 2181 1712 2246 Ieremias.
1740 2182 1872 2268 ‘Iquohc
1885 2187 1971 2270 γε’ρων
1984 2185 2032 2252 καλ

386 2309 471 2382 αῦτδς
484 2309 580 2392 μακρὸν
594 2309 723 2393 ὀξίτερον
737 2309 807 2393 ἔχων
824 2307 858 2375 τὸ
877 2309 977 2394 γίνειον
995 2307 1065 2394 ῦπλρ
1083 2309 1132 2376 τὸν
1144 2309 1277 2374 Ἡσαΐαν.
1322 2307 1452 2372 Tertius
1475 2307 1646 2372 Ezechiel.
1667 2307 1791 2394 Ἰεζεκιήλ
1810 2313 2030 2395 μωιροκεηαλσς,

384 2436 621 2520 λιγνοαρόσωαος,
643 2433 691 2501 καλ
709 2435 805 2519 μωιρδν
824 2435 952 2520 ἐπιμήνιος
969 2437 1003 2504 τό
1021 2437 1121 2522 γένειον
1136 2436 1213 2520 ἔχων.
1258 2433 1403 2515 Quartus
1418 2433 1552 2500 Daniel:
1574 2435 1693 2520 Δανιήλ·
1715 2437 1832 2502 στιάδων
1846 2438 1947 2522 εὐειδής
1960 2441 2030 2505 λίαν.

362 2639 367 2650 .
386 2561 526 2643 Quintus
541 2561 672 2627 Barnch
688 2559 748 2648 (ibi
763 2571 814 2627 est
827 2563 912 2628 inter
927 2562 991 2628 alia
1006 2565 1075 2648 ἔχων
1091 2568 1205 2648 γοῦρδον
1220 2563 1265 2628 av
1278 2563 1419 2646 προσθίν.Ι
1441 2563 1488 2628 ita
1500 2565 1661 2648 prorsus).
1701 2560 1820 2627 Sextus
1835 2563 2030 2631 Malachias:

387 2692 554 2775 Μαλαχίας·
581 2691 642 2764 νόος
660 2690 773 2774 εῦειδής,
796 2691 1109 2776 στρογγυλοπρόσωπος,
1131 2689 1172 2764 οῦς
1194 2695 1231 2774 μῦ
1251 2687 1312 2776 (ita
1331 2711 1482 2774 prorsus,
1508 2689 1587 2754 item
1608 2686 1708 2776 infra)
1731 2689 1781 2775 τήν
1802 2693 1931 2775 τρίχωσιν
1952 2694 2030 2778 ἔχων,

384 2819 611 2901 πλατυκεραλος,
633 2821 744 2892 καῦκος.
782 2816 946 2904 Septimus
965 2815 1159 2882 Zacharias:
1178 2820 1339 2902 Ζαχαρίας·
1361 2819 1423 2890 νόος
1440 2822 1555 2892 καῦκος,
1574 2817 1687 2901 εῦαδής,
1707 2823 1817 2901 μειδαῦν
1837 2817 1885 2884 καλ
1905 2821 2032 2904 χαροπόν

385 2947 455 3029 ἔχων
468 2944 502 3012 τό
520 2945 684 3028 πρόσωπον,
699 2944 780 3028 παρὰ
794 2943 890 3030 μικρὸν
905 2945 1054 3029 ίσόκουρος.
1098 2942 1243 3009 Octavus
1260 2943 1460 3030 sophonias:
1479 2947 1638 3028 Σοφονιάς·
1656 2943 1760 3028 ὁμοίως
1774 2943 1849 3032 (sic)
1864 2952 1905 3028 τῷ
1918 2949 2031 3032 Ἰωάννη

385 3078 425 3153 τοῦ
440 3073 568 3156 θεολόγῳ
581 3071 678 3154 μικρὸν
691 3071 741 3137 τόν
759 3072 884 3156 πώγωνα
902 3074 1110 3156 στρογγυλίζων.
1146 3071 1261 3136 Nonus
1280 3071 1474 3158 Haggseus:
1495 3071 1639 3156 Ἀγγαῖος·
1661 3071 1757 3156 γηρεὸς
1774 3077 2030 3160 στρογγυλογίνεισς,

384 3203 482 3284 τρίχας
497 3194 583 3283 (sic).
621 3197 779 3262 Decimus
795 3197 968 3264 Habacuc:
983 3199 1156 3285 Ἁμβακοίμ·
1171 3201 1433 3284 στρογγυλογίνειος,
1448 3197 1481 3264 οό
1494 3200 1604 3272 τελείοις
1617 3203 1732 3276 καῦκος,
1747 3199 1787 3274 σός
1800 3205 1837 3284 μῦ
1852 3196 1902 3286 (ut
1918 3201 2030 3288 supra)

384 3327 434 3410 τήν
456 3329 585 3411 τρίχωσιν
603 3331 653 3392 τοῦ
671 3327 801 3410 μετοίσω
819 3326 902 3412 ἔχων,
924 3327 1107 3410 ῥαντοπόλιος
1124 3323 1172 3392 καί
1191 3322 1236 3391 ini
1253 3325 1303 3411 τὴν
1321 3327 1444 3411 κεφαλήν
1463 3323 1511 3391 καλ
1529 3322 1574 3390 ε’πλ
1591 3324 1642 3410 τήν
1661 3327 1795 3412 γενειάδα.
1833 3327 2031 3394 Undecimus

386 3452 529 3518 Nahum:
551 3454 671 3538 Ναοόμ·
694 3455 956 3538 στρογγυλογίνειος,
979 3453 1114 3536 ε’πίλνγνος
1128 3452 1199 3538 πρὸς
1212 3464 1271 3527 τοῖς
1283 3453 1443 3538 μαγοόλοις,
1465 3452 1505 3527 οῦς
1518 3481 1554 3537 μυ
1570 3448 1620 3538 (ut
1635 3451 1748 3540 supra)
1767 3453 1877 3540 ὑψηλήν
1895 3456 1965 3541 ἔχων
1983 3456 2033 3541 τήν

383 3585 512 3667 τρίχωσιν
526 3586 577 3647 τοῦ
589 3581 731 3665 μετώπου,
753 3581 966 3664 ματρσκείγαλος
981 3587 1041 3642 etc.
1085 3577 1311 3644 Duodecimus
1330 3581 1443 3646 Ionas:
1463 3581 1573 3654 Ἰωνάς·
1595 3581 1753 3664 φαλακρός,
1775 3585 2032 3668 στρογγυλογεῦασς,

383 3712 559 3794 σμογίυαος,
581 3711 676 3794 γε’ρων.
720 3707 852 3772 Tertius
876 3705 1022 3772 decimus
1044 3704 1129 3770 Ioel:
1154 3706 1244 3790 Ἰωήλ·
1268 3709 1500 3791 πλατυμίτωπος,
1524 3709 1787 3792 στρογγυλογίνειος,
1810 3709 2029 3794 λιγνομάγουλος,

383 3838 604 3920 μακροκέφαλος,
616 3841 726 3908 καῦκσς.
757 3832 901 3914 Quartus
914 3832 1059 3898 decimus
1070 3831 1210 3898 Abdias:
1224 3833 1349 3918 Ἀβδιοῦ·
1359 3836 1578 3918 μαυροκελμαλος,
1590 3831 1683 3917 ὅμοιος
1693 3839 1733 3915 τῷ
1744 3834 1895 3915 ἀποστόλφ
1901 3835 2030 3918 Ἰακώβῳ.

384 3963 525 4044 Quintus
542 3962 687 4026 decimus
702 3959 879 4026 Michaeas.
914 3960 1034 4026 Sextus
1051 3960 1196 4026 decimus
1210 3959 1350 4024 Hoseas.

491 4087 674 4176 Prophetas
691 4089 859 4176 exoipiunt
873 4088 955 4154 haec
971 4087 1011 4153 de
1020 4089 1098 4153 lesu
1107 4087 1254 4152 Christo:
1270 4085 1344 4171 Περὶ
1357 4093 1407 4154 τοῦ
1420 4093 1582 4154 δεσποτικοῦ
1594 4093 1772 4173 χαρακοήρος
1785 4093 1835 4154 τοῦ
1849 4091 1942 4172 κυρίου
1955 4088 2032 4172 ἡμῶν

384 4221 474 4301 Ἰησοῦ
496 4222 636 4301 Χριστοῦ,
659 4214 716 4284 ὅσα
737 4213 800 4300 περὶ
823 4216 909 4283 αῦτοῦ
935 4219 961 4282 oi
982 4213 1099 4282 παλαιοί
1124 4212 1267 4298 ίστορηταλ
1289 4213 1467 4299 γεγράφασιν.
1510 4214 1645 4299 Εῦήλικα,
1668 4217 1817 4300 σῦυοφρυν,
1841 4215 2032 4300 εῦόφδαλμον,

386 4347 535 4428 ε’πιρρινον,
557 4345 715 4429 οῦλότριχα,
739 4344 884 4428 ε’πίκυφον,
907 4341 1032 4428 εόχρουν,
1054 4343 1104 4428 τήν
1125 4343 1252 4427 γενειάδα
1272 4342 1405 4426 γαλωναν
1427 4343 1540 4426 ἔχοντα,
1563 4343 1719 4426 σιτόχρουν,
1740 4347 1781 4423 τοῦ
1802 4339 1866 4408 είδει
1886 4342 1961 4410 κατά
1983 4341 2033 4427 τήν

373 4519 375 4526 ·
383 4472 516 4554 μητρῴαν
530 4472 693 4555 ίμφάνειαν,
708 4469 948 4556 μακροδάκτυλον,
963 4468 1100 4554 atquem,
1115 4469 1258 4554 ήδόλογον,
1274 4469 1449 4554 πρᾳότατον,
1463 4465 1576 4553 ἥσυχον,
1591 4469 1788 4552 μακρόθυμον,
1808 4469 1971 4547 ἀνεξίκακον
1985 4468 2033 4535 καί

383 4598 421 4664 τά
441 4599 625 4682 παραπλήσια
644 4604 694 4683 τῆς
714 4599 814 4682 ἀρετῆς
831 4597 1057 4681 πλεονεκτήματα
1075 4599 1271 4682 περιφέροντα·
1295 4597 1324 4661 ἕν
1343 4595 1439 4678 οἷσπερ
1457 4592 1602 4678 ι’διοίμασιν
1620 4594 1636 4661 ὁ
1654 4596 1822 4679 δεανδρικός
1841 4597 1927 4662 αῦτοῦ
1945 4623 2032 4708 χαρα-

383 4728 541 4808 κτηρίζεται
551 4725 640 4810 λόγος,
655 4724 701 4791 ίνα
711 4725 748 4810 μή
763 4729 868 4810 τροπῆς
882 4724 1065 4808 ἀποσκίασμα
1079 4721 1126 4789 καλ
1142 4727 1325 4808 παραλλαγῆς
1339 4723 1485 4796 ἀλλοιωσις
1500 4723 1528 4787 ἕν
1541 4727 1576 4806 τῇ
1590 4725 1660 4806 θείᾳ
1670 4727 1719 4788 τοῦ
1729 4723 1811 4808 λόγου
1821 4723 2034 4807 ε’νανδρωπήσει

383 4855 527 4936 φοραθείη
541 4852 617 4918 κατά
631 4853 696 4926 τοὺς
705 4857 742 4918 Μ
741 4853 874 4937 ανιχαίων
887 4851 994 4934 λήρους,
1009 4847 1056 4916 καί
1070 4849 1110 4924 οῦς
1123 4853 1285 4934 φαντασίαις
1299 4848 1418 4934 ίνδαλμα
1432 4851 1575 4934 λογισθείη
1589 4847 1623 4916 τό
1638 4846 1745 4932 &meh
1757 4843 1844 4936 (cod.
1854 4848 1903 4915 τὸν
1914 4846 2032 4933 ἀληθεῖ)

383 4979 430 5044 καί
446 4981 648 5046 ἀναλλοίωτον·
663 4980 696 5047 τὸ
711 4977 765 5064 γάρ
781 4976 888 5062 ἀληθὲς
903 4979 931 5042 ε’ν
945 4982 986 5058 τῷ
1000 4976 1154 5061 ῦμοωίματι
1167 4979 1289 5042 δείκνυτο
1305 4972 1381 5060 (sic)
1397 4976 1430 5044 τὸ
1446 4977 1601 5061 ἀρχέτυπον
1616 4976 1644 5040 όν
1658 4981 1692 5058 τῇ
1707 4975 1797 5049 εἰκόνι,
1812 4975 1845 5042 τό
1860 4975 1990 5059 ἑκάτερον
2004 4977 2033 5040 ἐν

383 5109 505 5192 ἑκατέρῳ
523 5107 605 5193 παρά
623 5107 656 5173 τό
676 5113 725 5190 τῆς
736 5107 833 5180 οῦσιάς
848 5105 994 5189 διάφορον·
1014 5102 1061 5168 καὶ
1076 5104 1123 5170 διά
1138 5105 1284 5187 αι’σθητοῦν
1298 5101 1442 5188 συμβόλων
1458 5100 1502 5168 tul
1516 5103 1570 5176 τάς
1584 5101 1680 5176 ἀπλάς
1693 5107 1750 5168 νοῦν
1765 5101 1911 5186 νοημάτων
1926 5101 2032 5186 ἀναγολ

382 5245 462 5315 μεθα
479 5231 556 5320 (sic)
571 5236 705 5316 θεωρίας.

490 5361 656 5446 Sequitur:
681 5361 793 5442 Πέτρου
812 5359 978 5425 ἀποστόλου.
1013 5359 1047 5424 ‘0
1066 5355 1144 5442 ἀγιος
1164 5357 1323 5430 ἀπόστολος
1341 5361 1390 5422 τοῦ
1411 5361 1537 5440 Χριστοῦ
1557 5358 1667 5438 Πέτρος
1685 5350 1718 5439 lp
1736 5360 1770 5438 τῇ
1789 5355 1863 5439 εἰδεήι
1883 5361 2033 5438 διμοιραίος

384 5485 470 5569 (sic),
487 5487 649 5570 ἀναφάλας,
664 5487 823 5570 κονδόθριξ,
837 5486 939 5560 λευκός,
954 5483 1089 5568 ῦπωχρος,
1106 5487 1247 5557 circucat}
1262 5482 1347 5564 (cod.
1357 5479 1521 5568 οίνοπαγής)
1538 5483 1607 5567 ἔχων
1621 5482 1686 5556 τοῦς
1696 5482 1873 5564 ὀφθαλμούς,
1888 5481 2034 5557 ῦλοαόλιος

1696 5622 1724 5667 ll
