5244 6618
583 705 625 770 62

583 912 677 975 τείνειν
699 909 781 974 ἀετὸν
803 907 938 990 ἀποδηλοῖ
950 901 1055 992 (Strid.
1072 915 1105 968 ct
1121 903 1202 968 (iod.
1219 901 1312 990 δηλοῖ)
1336 904 1376 978 τός
1396 901 1492 988 ((1οᾶ.
1509 903 1565 990 ότι)
1589 911 1646 971 τῶν
1668 907 1831 992 ἀεροφόρων
1855 911 2020 992 πνευμάτων
2041 921 2140 992 κρατεῖ
2157 909 2198 982 ὡς
2215 908 2231 974 ό

584 1037 667 1110 ἀετὸς
680 1042 738 1100 τῶν
751 1038 908 1118 μεταρσίων
922 1035 1024 1116 ὀρνέων
1034 1033 1069 1118 ¹).

691 1163 874 1242 Quartum
897 1159 1096 1224 decimum:
1120 1157 1182 1243 περὶ
1205 1159 1367 1242 ἀγάλματος
1388 1163 1437 1242 της
1460 1165 1509 1243 γῆς
1530 1161 1672 1243 τόμπιινον
1692 1165 1894 1248 βαστάζοντος.
1939 1163 1990 1228 Os.
2012 1163 2146 1228 Suidum
2171 1161 2232 1226 sub

582 1292 678 1358 Ἐστία
694 1299 725 1354 et
741 1286 856 1353 Codin.
877 1309 951 1373 pag.
970 1289 1018 1350 15.
1035 1309 1083 1350 ur.
1100 1285 1151 1350 31.
1173 1284 1235 1352 Ὅτι
1256 1297 1373 1370 ηυναίκα
1397 1283 1517 1370 (codex
1539 1287 1692 1374 γυναικεία)
1717 1291 1871 1357 πλάττουσι
1894 1291 1944 1375 την
1964 1293 2060 1357 ἑστίαν
2081 1289 2162 1356 οἱονεί
2183 1291 2233 1374 την

584 1423 632 1502 μην
646 1418 788 1500 τόηνιανον
802 1415 999 1500 βαστάζουσαν
1008 1411 1045 1500 ⁹),
1062 1413 1153 1498 ἐπειδὴ
1167 1413 1232 1487 τοὺς
1246 1413 1363 1496 ἀνι-’μους
1378 1413 1395 1497 i
1410 1420 1442 1497 ηῇ
1456 1413 1502 1497 ip’
1518 1416 1619 1498 ἑαυτῆς
1634 1411 1739 1500 (Suid.
1757 1426 1790 1481 et
1806 1415 1888 1482 (iod.
1905 1415 1979 1503 τόν)
1994 1421 2132 1502 συηνιλείει.

691 1542 872 1623 Quintum
892 1540 1081 1605 decimum
1100 1549 1163 1604 est:
1186 1539 1248 1623 περὶ
1267 1539 1431 1624 ἀγάλματος
1448 1540 1576 1608 σελεόκσυ
1594 1548 1643 1608 wi
1661 1543 1805 1628 νικάνσρσς
1823 1547 1928 1629 κε’ρατα
1949 1545 1977 1609 ι’-ν
1991 1550 2025 1628 τῆ
2039 1549 2145 1628 κεφαλῇ
2160 1545 2231 1628 ἔχον-

584 1698 640 1744 τος.
682 1669 782 1756 Apud
798 1667 960 1732 Codinum
983 1669 1141 1732 omittitur
1162 1669 1195 1730 in
1217 1667 1310 1730 titulo
1334 1673 1389 1733 σελ
1411 1695 1435 1732 τ.
1458 1695 1508 1734 νικ.
1528 1667 1646 1733 Snidas
1670 1667 1731 1733 sub
1752 1673 1889 1744 Σελτυκος
1911 1672 1959 1735 εἰσ
1983 1671 2111 1756 incipit:
2142 1665 2232 1743 Οίνισς

586 1799 746 1880 τ’πεκόιλητο
760 1798 911 1880 Νικάνωρ,
930 1795 963 1869 ὃς
980 1801 1021 1876 τῷ
1040 1797 1099 1875 ι’δίιρ
1116 1797 1166 1875 υἱῷ
1182 1805 1242 1858 etc.
1288 1795 1452 1881 Scriptum
1473 1797 1571 1860 estin
1585 1806 1697 1861 nostro
1714 1797 1842 1862 codice:
1866 1796 1939 1881 Περὶ
1954 1798 2117 1882 ἀγάλματος
2133 1795 2229 1882 (Ced.

589 1925 632 1992 Ti
647 1923 676 1990 ii
699 1923 742 2008 άγ.
764 1921 826 2008 wi)
849 1923 975 1989 σελείκου
996 1927 1045 1988 wi
1067 1923 1099 1988 δι’
1125 1922 1254 2004 ἀνδρείαν
1272 1921 1481 2004 ὀνομασθέντος
1499 1923 1643 2006 νικάνορος
1658 1919 1793 2008 (Codin.
1809 1921 1984 2010 Νικάτορος)
2008 1929 2058 1990 wi
2076 1925 2174 1998 δόντος
2190 1930 2231 1989 τιό

586 2053 645 2117 ἰδίω
659 2053 708 2117 vici
725 2047 822 2135 (Cod.
838 2055 878 2130 τῷ
892 2051 942 2131 υἱῷ
958 2046 1056 2136 αἰτοῦ)
1078 2049 1197 2133 ἀντιόχω
1216 2048 1266 2133 τὴν
1285 2052 1466 2132 στρατονίκην
1487 2049 1537 2134 τὴν
1550 2051 1651 2116 ἑαυτοῦ
1664 2061 1781 2136 γυναῖκα
1796 2053 1944 2136 ἐρασθέντι
1959 2049 2106 2134 αὐτῆςναί
2121 2051 2167 2116 διά
2182 2053 2231 2117 τόν

585 2178 655 2262 πρὸς
676 2177 761 2260 αὐτῆς
783 2173 887 2262 (Suid.
910 2186 943 2241 et
967 2174 1082 2240 Codin.
1104 2201 1151 2256 πρ.
1177 2172 1275 2260 σίντην)
1301 2177 1392 2258 ε’ρωτα
1414 2176 1604 2260 inimicam
1625 2175 1673 2242 καὶ
1695 2179 1924 2262 ἐπικρυπτομίνω,
1948 2181 2101 2260 μνασθέντι
2125 2177 2155 2243 δὲ
2176 2178 2230 2243 ὑπὸ

586 2305 784 2388 ἐρασιστράτου
805 2309 855 2370 wi
875 2305 979 2388 ἰατροί,
1002 2302 1073 2386 φασί
1090 2299 1194 2388 (Suid.
1213 2311 1245 2366 et
1262 2300 1344 2366 Cod.
1366 2305 1470 2386 ιάτρσῦ.
1489 2302 1560 2388 φασὶ
1579 2302 1622 2389 δὲ)
1641 2305 1762 2370 συνόντα
1776 2306 1903 2371 σελευκον
1918 2305 2081 2388 ἀλεξάνδροι
2095 2313 2136 2370 wi
2149 2331 2229 2388 μακε-

586 2433 643 2498 δόνι
662 2437 765 2514 ταῦρον
787 2434 916 2514 θυομίνω
939 2431 1105 2513 ἀποδράντα
1125 2431 1209 2514 μόνον
1228 2431 1355 2496 σελευκσν
1373 2433 1567 2516 περιμενεσθαι
1587 2433 1672 2498 αὐτοῦ
1691 2437 1748 2497 τῶν
1767 2432 1892 2512 κεράτων
1907 2432 2099 2516 κρατήσαντα·
2122 2430 2169 2496 καί
2184 2433 2229 2496 διό

585 2565 667 2624 τοῦτο
681 2563 721 2624 wi
737 2559 877 2642 ἀγάλματι
892 2559 977 2625 aizoi
990 2559 1165 2641 περιτιθέασι
1178 2563 1211 2641 τη
1226 2563 1332 2641 κεφαλῇ
1350 2553 1455 2642 (Suid.
1472 2568 1505 2622 et
1521 2556 1602 2622 Cod.
1620 2559 1648 2624 ἕν
1662 2565 1696 2642 τῇ
1710 2585 1769 2644 nup.
1784 2555 1887 2643 περιτ.)
1903 2561 2015 2642 κίρατα.

693 2685 848 2750 Sextum
865 2684 1067 2749 decimum:
1089 2682 1152 2766 περὶ
1174 2685 1336 2768 ἀγάλματος
1356 2685 1546 2769 βαστάζοντος
1566 2687 1727 2769 μάρσιππσν
1748 2691 1798 2752 τοῦ
1819 2688 1908 2769 ἑρμοῦ.
1953 2685 2052 2772 Apud
2068 2685 2229 2750 Codinuur

586 2837 617 2898 p.
636 2814 684 2877 lb.
710 2823 760 2876 est
774 2810 836 2896 περὶ
851 2813 895 2896 άμ
908 2811 1013 2896 Ἕρμου
1027 2819 1053 2897 β.
1067 2811 1214 2896 μάρσαισν.
1256 2807 1355 2897 Apud
1371 2811 1505 2876 Suidam
1520 2812 1595 2877 vide
1612 2813 1671 2877 sub
1685 2814 1797 2897 Ἑρμῆν,
1819 2813 1895 2876 inde
1911 2837 1931 2876 a
1944 2813 2053 2877 verbis
2068 2816 2189 2898 Λέγουσι
2203 2811 2232 2876 δὲ

588 2941 673 3007 αὐτόν
686 2939 734 3006 καὶ
748 2945 798 3006 wi
811 2941 921 3022 κίρδους
936 2937 1031 3004 αίτιον.
1068 2938 1188 3002 Noster
1203 2949 1312 3002 textus
1329 2939 1390 3001 sic:
1418 2945 1477 3006 Tei
1490 2943 1602 3022 nebim
1616 2939 1704 3005 αίτων
1718 2941 1824 3023 λέγουσι
1838 2937 1886 3004 καὶ
1900 2945 1957 3005 τῶν
1972 2941 2110 3024 ἐμπορίων
2131 2935 2228 3024 (Ood.

587 3067 634 3133 κἀλ
653 3065 796 3151 ἐμπόρων)
818 3065 867 3132 τόν
879 3065 991 3149 Ἐρμην·
1014 3063 1085 3132 ὅθεν
1108 3065 1141 3132 τὸ
1164 3065 1278 3150 ἄγαλμα
1298 3067 1383 3132 reiron]
1401 3068 1498 3133 ἱστώσι
1515 3067 1658 3152 βαστάζω
1674 3063 1771 3152 ((1οᾶ.
1791 3063 1869 3153 ζειν)
1889 3069 2051 3151 μάρσιιτπον
2073 3065 2176 3151 (Suid.
2199 3077 2231 3129 et

590 3193 671 3259 Ced.
687 3195 833 3276 μάρσιπσν,
849 3191 943 3256 cedd.
961 3193 1080 3257 Suidne
1095 3191 1221 3278 -σνπον).
1239 3193 1312 3258 ἀλλά
1332 3192 1379 3258 καί
1399 3196 1558 3278 οίφοίνικες
1577 3195 1642 3268 τοὺς
1655 3194 1743 3267 θεοὺς
1757 3194 1851 3260 αὐτῶν
1865 3195 2034 3260 πλάττουσιν
2049 3195 2231 3276 ε’πιφερσντας

587 3322 724 3408 βαλάντια
741 3319 837 3400 (adde
851 3321 964 3404 χρυσοῖ),
978 3319 1017 3392 ὡς
1031 3325 1080 3386 wi
1092 3326 1195 3405 χρυσοῦ
1209 3321 1346 3404 συμβόλου
1361 3317 1481 3406 (codex
1494 3318 1616 3406 -βσίιλου)
1632 3321 1713 3395 ὄντος
1726 3325 1902 3396 δυναστείας·
1917 3323 1944 3387 οἱ
1957 3319 1987 3386 ii
2001 3323 2108 3404 ἕλίηνες
2121 3327 2225 3402 σιδηρο-

587 3453 744 3532 φοροόντας
762 3447 863 3519 αὖτοὺς
882 3447 1050 3512 πλάττωσιν
1064 3448 1105 3520 ὠς
1118 3458 1178 3520 τοῖς
1192 3443 1288 3521 ὅπλοις
1301 3447 1532 3532 όποταττσμάων
1546 3454 1604 3514 τῶν
1618 3450 1782 3532 ἀνθρώπων
1798 3445 1930 3533 (Codin.
1945 3448 2184 3530 όποταττομενους
2197 3445 2230 3510 τό

588 3572 791 3658 ἀνθρώπινον).

694 3701 901 3787 Septimum
921 3701 1107 3765 dccirunru
1127 3698 1328 3764 inscribitur:
1352 3699 1413 3786 περὶ
1432 3703 1583 3787 σίγοίστσυ
1596 3705 1689 3786 μηνός.
1733 3701 1858 3767 Eadem
1875 3703 2049 3788 exscripsit
2066 3698 2229 3782 Codinus;

588 3827 705 3912 Suidps
720 3849 798 3892 vero
814 3826 958 3892 breviter
973 3829 1033 3891 sic:
1058 3826 1224 3912 Αόγοιστος
1237 3827 1253 3896 ό
1267 3839 1371 3912 καίσαρ
1385 3869 1394 3879 -
1408 3831 1475 3911 -ιὶηί
1493 3824 1586 3895 einai
1600 3830 1616 3896 ό
1630 3831 1683 3914 μὴν
1698 3829 1863 3914 Αὔγουστος
1878 3831 2055 3912 ε’πιιιάιληται.
2099 3828 2137 3892 In
2152 3827 2174 3893 J
2177 3827 2228 3891 oh.

587 3955 671 4042 Lyd.
687 3955 728 4020 cf.
745 3977 826 4041 quac
842 3977 872 4040 p.
892 3955 960 4018 171.
978 3952 1038 4017 sub
1054 3953 1219 4038 Αίηουστσς
1232 3977 1280 4017 nr.
1299 3955 1347 4018 72.
1363 3953 1524 4040 leguntur.
1553 3957 1586 4023 ‘0
1602 3956 1753 4040 αίηιουστος
1767 3955 1782 4024 ό
1797 3957 1941 4030 ὀκτασίισς
1956 3953 2088 4040 (Oedin.
2103 3955 2120 4022 ό
2134 3956 2230 4022 Ὀκτα-

587 4081 695 4168 βιανὸς)
721 4083 863 4167 αὐγαίστω
885 4081 947 4164 μηνί
968 4081 1130 4156 ὑπάτευσεν,
1151 4079 1199 4146 καί
1221 4083 1344 4165 ε’τίμησεν
1362 4085 1411 4149 τόν
1430 4080 1733 4169 μίηνα((10(11ο.ε’τιμ
1749 4080 1847 4169 αὐτόν)
1870 4085 2010 4166 σεξτηλισν
2031 4083 2064 4149 τὸ
2079 4081 2143 4166 πρίν
2157 4083 2230 4165 λεμό

587 4238 668 4294 μενον
682 4209 825 4292 ὀνομάσας
840 4208 998 4293 αὖγουστον.
1022 4209 1050 4272 ἓν
1065 4208 1142 4274 citui
1157 4207 1187 4272 di
1201 4208 1248 4273 uui
1263 4209 1432 4292 ἐτελεύτησεν
1446 4215 1479 4294 τη
1496 4212 1722 4293 ι’νιτακαιδεκάτη
1736 4211 1824 4294 ἡμίρα
1837 4206 1934 4293 (Cod.
1950 4216 1984 4292 τη
1999 4219 2042 4275 ιθ’
2057 4215 2107 4275 wi
2120 4206 2228 4293 μηνός).

587 4331 807 4420 ηιην1δ1(Οο(1.
828 4339 868 4414 wi
883 4333 926 4419 δὲ)
946 4337 1116 4418 σεπτεμρίρίω
1133 4331 1263 4418 (Codin.
1282 4359 1343 4400 em.
1359 4367 1391 4420 μ,
1413 4338 1489 4400 item
1513 4335 1643 4423 postea)
1666 4339 1798 4421 ἐγεννήθη
1812 4338 1900 4402 εἰκάδι
1913 4340 1991 4420 τρίτη
2012 4333 2109 4422 (Ood.
2125 4339 2164 4410 είς
2177 4337 2231 4408 τάς

523 4462 529 4471 ’
587 4461 653 4548 κγ’),
668 4460 762 4545 κοίτη
777 4463 889 4542 δευτέρα
905 4461 989 4526 αὐτοῦ
1005 4458 1102 4544 (Coti.
1119 4461 1196 4546 om.)
1212 4469 1261 4528 wi
1277 4467 1456 4548 σεπτεμρίριοο
1470 4464 1554 4546 μηνός
1572 4462 1670 4548 (Cod.
1686 4461 1763 4548 0111.)
1780 4464 1914 4528 άντώνιον
1930 4465 2049 4547 ε’νίκησεν
2063 4464 2111 4530 καὶ
2126 4464 2230 4548 ἤρξατο

587 4597 636 4674 τῆς
649 4591 814 4673 μοναρχίας,
836 4585 883 4652 καί
902 4589 1024 4670 ἕτιμησεν
1042 4587 1127 4654 αὐτόν
1148 4590 1234 4674 ἀρχὴν
1249 4591 1413 4664 ι’νδικταόνος
1429 4585 1560 4674 (Oodiu.
1582 4587 1712 4673 ι’νδίκτου)
1734 4590 1819 4656 αι’·τόν
1835 4585 1932 4674 (Cod.
1950 4589 2026 4677 om.)
2047 4590 2230 4674 ποιησάμενος

587 4717 646 4802 iret
666 4715 752 4800 ἀρχὴν
766 4715 874 4799 χρόνον,
897 4711 968 4780 όθεν
983 4714 998 4780 ό
1013 4717 1190 4799 σεπτεμβριος
1203 4719 1343 4800 τετίμηται
1352 4715 1389 4803 ³).

692 4840 1058 4905 Duodevicesimum
1075 4853 1172 4928 caput
1186 4842 1386 4908 inscribitur:
1410 4843 1471 4928 περὶ
1486 4843 1637 4928 αίηοόστου
1651 4845 1785 4929 εὐτυχίας.
1828 4845 1953 4910 Eadem
1968 4847 2090 4932 passim
2106 4853 2229 4908 mutata

639 4997 657 5053 ¹)
676 4991 721 5045 Itu
733 4991 818 5046 etiam
831 4992 907 5060 apud
921 4991 1036 5044 Snidnm
1049 4989 1153 5046 finitur.
1167 4992 1292 5048 Codinus
1305 5009 1372 5047 vero
1442 4994 1582 5048 Codinur:
1612 4995 1665 5061 Τι’,ν
1687 4998 1735 5062 γῆν
1758 4999 1861 5060 λιμσυσι
1880 4994 1996 5058 Ἑστίαν,
2020 5001 2063 5047 καὶ
2083 4995 2230 5046 πλάττουσι

587 5076 682 5130 addit:
705 5076 781 5142 (ἀλλὰ
802 5081 845 5128 καλ
865 5077 1025 5130 πλάττουσιν
1044 5077 1125 5130 αὐτόν
1144 5085 1204 5147 τρία
1223 5082 1286 5147 μίλη
1302 5080 1328 5130 ίν
1342 5082 1373 5150 τῇ
1441 5079 1521 5147 αὐτὴν
1532 5088 1642 5142 γυναῖκα
1653 5082 1790 5148 τιίμπσινσν
1803 5089 1857 5134 etc.

585 5165 652 5230 χειρὶ
672 5163 832 5229 βαστάζειν]
854 5161 897 5214 διὰ
915 5165 941 5214 δὲ
957 5166 1007 5214 τοῖν
1024 5167 1098 5232 τριῶν
1114 5165 1200 5231 μήλων
1221 5167 1295 5230 δηλοῖ
1313 5171 1372 5233 τρία
1490 5167 1510 5230 ³)
1529 5162 1582 5216 Hie
1595 5164 1728 5218 extremis
1746 5171 1840 5220 textus
1854 5164 1957 5220 Codini
1968 5165 1997 5216 in
2011 5163 2136 5218 editione
2148 5163 2227 5215 hum.

587 5250 701 5315 κλίματα
718 5251 832 5313 κατίχειν
848 5247 895 5314 τὴν
911 5251 1002 5300 πᾶσαν
1019 5249 1201 5317 διακόσμησινε
1220 5265 1292 5318 quae
1306 5265 1371 5302 con·
1439 5247 1564 5301 Bekkcri
1593 5249 1684 5304 multo
1710 5249 1888 5304 emendatior
1911 5249 2018 5320 legitur
2042 5265 2126 5319 quum
2150 5247 2227 5318 apud

587 5331 662 5386 ferre
674 5333 753 5385 iuvat
766 5349 830 5386 cnm
843 5331 953 5387 decimo
968 5333 1062 5402 cnlrite
1074 5333 1165 5386 nostri
1178 5333 1295 5388 codicis.
1439 5333 1637 5400 anbecium‚
1664 5333 1714 5388 ubi
1745 5336 1786 5388 eie
1810 5335 1910 5390 habet:
1939 5338 1983 5385 καὶ
2005 5338 2124 5402 ἐτίμησεν
2147 5331 2228 5384 αὐτὸν

1439 5414 1522 5487 ἀρχὴν
1534 5421 1653 5481 tretecor,
1665 5420 1840 5488 τιμησάμενος
1852 5417 1933 5473 αὐτόν
1944 5417 2027 5486 ἀρχὴν
2038 5419 2144 5490 χρόνον,
2161 5415 2227 5471 ὅθεν

636 5454 655 5516 κ)
676 5447 794 5505 suidas·
821 5449 916 5504 Ἑστία.
943 5456 1059 5504 Γυναῖκα
1081 5451 1226 5506 πλάττουσι
1248 5451 1293 5520 wir
1319 5457 1371 5507 etc.
1438 5507 1706 5574 S‘mssspfflmm·
