<?xml version="1.0" encoding="UTF-8"?>
<!DOCTYPE html PUBLIC "-//W3C//DTD XHTML 1.0 Transitional//EN"
    "http://www.w3.org/TR/xhtml1/DTD/xhtml1-transitional.dtd">
<html xmlns="http://www.w3.org/1999/xhtml" xml:lang="en" lang="en">
 <head>
  <title>
</title>
<meta http-equiv="Content-Type" content="text/html;charset=utf-8" />
  <meta name='ocr-system' content='tesseract 3.04.00' />
  <meta name='ocr-capabilities' content='ocr_page ocr_carea ocr_par ocr_line ocrx_word'/>
</head>
<body>
  <div class='ocr_page' id='page_1' title='image "anecdotasacraet01tiscgoog_0056.png"; bbox 0 0 5244 6618; ppageno 0'>
   <div class='ocr_carea' id='block_1_1' title="bbox 1971 713 2015 781">
    <p class='ocr_par' dir='ltr' id='par_1_1' title="bbox 1971 713 2015 781">
     <span class='ocr_line' id='line_1_1' title="bbox 1971 713 2015 781; baseline 0 0"><span class='ocrx_word' id='word_1_1' title='bbox 1971 713 2015 781; x_wconf 81' lang='lat'><strong>35</strong></span> 
     </span>
    </p>
   </div>
   <div class='ocr_carea' id='block_1_2' title="bbox 359 913 2013 1768">
    <p class='ocr_par' dir='ltr' id='par_1_2' title="bbox 359 913 2013 1768">
     <span class='ocr_line' id='line_1_2' title="bbox 359 913 2013 1006; baseline 0.002 -28"><span class='ocrx_word' id='word_1_2' title='bbox 359 913 490 1000; x_wconf 90' lang='lat' dir='ltr'><strong>ginibus</strong></span> <span class='ocrx_word' id='word_1_3' title='bbox 513 915 648 1002; x_wconf 79' lang='lat' dir='ltr'>insuper</span> <span class='ocrx_word' id='word_1_4' title='bbox 668 915 841 999; x_wconf 79' lang='lat' dir='ltr'><strong>resecatis3</strong></span> <span class='ocrx_word' id='word_1_5' title='bbox 865 917 999 1002; x_wconf 80' lang='lat' dir='ltr'>quaevis</span> <span class='ocrx_word' id='word_1_6' title='bbox 1023 915 1174 982; x_wconf 87' lang='lat' dir='ltr'><strong>columna</strong></span> <span class='ocrx_word' id='word_1_7' title='bbox 1187 915 1229 983; x_wconf 88' lang='lat'><strong>38</strong></span> <span class='ocrx_word' id='word_1_8' title='bbox 1244 940 1360 984; x_wconf 88' lang='lat' dir='ltr'><strong>versus</strong></span> <span class='ocrx_word' id='word_1_9' title='bbox 1376 915 1484 984; x_wconf 81' lang='lat' dir='ltr'><strong>habet.</strong></span> <span class='ocrx_word' id='word_1_10' title='bbox 1512 917 1682 1005; x_wconf 80' lang='lat' dir='ltr'><strong>Scriptura</strong></span> <span class='ocrx_word' id='word_1_11' title='bbox 1700 915 1811 1006; x_wconf 90' lang='lat' dir='ltr'><strong>paullo</strong></span> <span class='ocrx_word' id='word_1_12' title='bbox 1832 915 2013 1002; x_wconf 76' lang='lat' dir='ltr'><strong>elegantior</strong></span> 
     </span>
     <span class='ocr_line' id='line_1_3' title="bbox 360 1040 2011 1132; baseline 0.002 -26"><span class='ocrx_word' id='word_1_13' title='bbox 360 1049 420 1124; x_wconf 85' lang='lat' dir='ltr'><strong>est,</strong></span> <span class='ocrx_word' id='word_1_14' title='bbox 441 1040 501 1107; x_wconf 88' lang='lat' dir='ltr'><strong>sed</strong></span> <span class='ocrx_word' id='word_1_15' title='bbox 519 1040 607 1106; x_wconf 90' lang='lat' dir='ltr'><strong>nulla</strong></span> <span class='ocrx_word' id='word_1_16' title='bbox 626 1063 663 1106; x_wconf 93' lang='lat' dir='ltr'><strong>re</strong></span> <span class='ocrx_word' id='word_1_17' title='bbox 683 1040 792 1106; x_wconf 87' lang='lat' dir='ltr'><strong>differt</strong></span> <span class='ocrx_word' id='word_1_18' title='bbox 807 1063 889 1130; x_wconf 90' lang='lat' dir='ltr'><strong>quae</strong></span> <span class='ocrx_word' id='word_1_19' title='bbox 905 1045 1021 1108; x_wconf 85' lang='lat' dir='ltr'><strong>aetatis</strong></span> <span class='ocrx_word' id='word_1_20' title='bbox 1037 1043 1261 1110; x_wconf 76' lang='lat' dir='ltr'><strong>diversitatem</strong></span> <span class='ocrx_word' id='word_1_21' title='bbox 1275 1044 1412 1128; x_wconf 90' lang='lat' dir='ltr'><strong>indicet;</strong></span> <span class='ocrx_word' id='word_1_22' title='bbox 1434 1045 1653 1130; x_wconf 83' lang='lat' dir='ltr'><strong>interpunctio</strong></span> <span class='ocrx_word' id='word_1_23' title='bbox 1669 1067 1805 1132; x_wconf 87' lang='lat' dir='ltr'><strong>prorsus</strong></span> <span class='ocrx_word' id='word_1_24' title='bbox 1821 1044 1936 1110; x_wconf 89' lang='lat' dir='ltr'><strong>eadem</strong></span> <span class='ocrx_word' id='word_1_25' title='bbox 1951 1053 2011 1110; x_wconf 88' lang='lat' dir='ltr'><strong>est</strong></span> 
     </span>
     <span class='ocr_line' id='line_1_4' title="bbox 360 1167 2012 1260; baseline 0.002 -28"><span class='ocrx_word' id='word_1_26' title='bbox 360 1167 496 1251; x_wconf 61' lang='lat' dir='ltr'><strong>Tutus,</strong></span> <span class='ocrx_word' id='word_1_27' title='bbox 516 1169 569 1234; x_wconf 88' lang='lat' dir='ltr'><strong>cui</strong></span> <span class='ocrx_word' id='word_1_28' title='bbox 587 1169 621 1232; x_wconf 93' lang='lat' dir='ltr'><strong>in</strong></span> <span class='ocrx_word' id='word_1_29' title='bbox 640 1170 787 1254; x_wconf 82' lang='lat' dir='ltr'><strong>margine</strong></span> <span class='ocrx_word' id='word_1_30' title='bbox 808 1169 920 1235; x_wconf 88' lang='lat' dir='ltr'><strong>addita</strong></span> <span class='ocrx_word' id='word_1_31' title='bbox 938 1179 1014 1236; x_wconf 91' lang='lat' dir='ltr'><strong>sunt</strong></span> <span class='ocrx_word' id='word_1_32' title='bbox 1028 1169 1162 1254; x_wconf 85' lang='lat' dir='ltr'><strong>scholia,</strong></span> <span class='ocrx_word' id='word_1_33' title='bbox 1184 1173 1307 1258; x_wconf 89' lang='lat' dir='ltr'><strong>scripta</strong></span> <span class='ocrx_word' id='word_1_34' title='bbox 1322 1173 1442 1260; x_wconf 87' lang='lat' dir='ltr'><strong>etipsa</strong></span> <span class='ocrx_word' id='word_1_35' title='bbox 1455 1169 1638 1238; x_wconf 73' lang='lat' dir='ltr'><strong>uncialibus</strong></span> <span class='ocrx_word' id='word_1_36' title='bbox 1652 1170 1778 1255; x_wconf 88' lang='lat' dir='ltr'><strong>litteris,</strong></span> <span class='ocrx_word' id='word_1_37' title='bbox 1799 1171 1842 1237; x_wconf 87' lang='lat' dir='ltr'><strong>ad</strong></span> <span class='ocrx_word' id='word_1_38' title='bbox 1857 1169 2012 1257; x_wconf 85' lang='lat' dir='ltr'><strong>Gregorii</strong></span> 
     </span>
     <span class='ocr_line' id='line_1_5' title="bbox 359 1295 2010 1386; baseline 0.002 -26"><span class='ocrx_word' id='word_1_39' title='bbox 359 1295 560 1360; x_wconf 76' lang='lat' dir='ltr'><strong>Nazianzeni</strong></span> <span class='ocrx_word' id='word_1_40' title='bbox 583 1297 764 1362; x_wconf 91' lang='lat' dir='ltr'><strong>orationem</strong></span> <span class='ocrx_word' id='word_1_41' title='bbox 784 1297 824 1371; x_wconf 79' lang='grc' dir='ltr'><strong>είς</strong></span> <span class='ocrx_word' id='word_1_42' title='bbox 843 1298 876 1364; x_wconf 87' lang='grc' dir='ltr'><strong><em>τὸ</em></strong></span> <span class='ocrx_word' id='word_1_43' title='bbox 900 1295 978 1382; x_wconf 82' lang='grc' dir='ltr'><strong><em>ἅγιον</em></strong></span> <span class='ocrx_word' id='word_1_44' title='bbox 999 1298 1099 1384; x_wconf 98' lang='grc' dir='ltr'><strong><em>πάσχα</em></strong></span> <span class='ocrx_word' id='word_1_45' title='bbox 1119 1299 1277 1386; x_wconf 83' lang='lat' dir='ltr'><strong>pertinet,</strong></span> <span class='ocrx_word' id='word_1_46' title='bbox 1305 1321 1389 1385; x_wconf 87' lang='lat' dir='ltr'><strong>quae</strong></span> <span class='ocrx_word' id='word_1_47' title='bbox 1412 1299 1447 1364; x_wconf 92' lang='lat' dir='ltr'><strong>in</strong></span> <span class='ocrx_word' id='word_1_48' title='bbox 1470 1298 1613 1364; x_wconf 89' lang='lat' dir='ltr'><strong>editione</strong></span> <span class='ocrx_word' id='word_1_49' title='bbox 1633 1297 1849 1365; x_wconf 87' lang='lat' dir='ltr'><strong>Benedictina</strong></span> <span class='ocrx_word' id='word_1_50' title='bbox 1872 1297 2010 1385; x_wconf 87' lang='lat' dir='ltr'><strong>quadra·</strong></span> 
     </span>
     <span class='ocr_line' id='line_1_6' title="bbox 359 1421 2011 1514; baseline 0.004 -28"><span class='ocrx_word' id='word_1_51' title='bbox 359 1423 485 1508; x_wconf 83' lang='lat' dir='ltr'><strong>gesimo</strong></span> <span class='ocrx_word' id='word_1_52' title='bbox 499 1423 612 1509; x_wconf 89' lang='lat' dir='ltr'><strong>quinta</strong></span> <span class='ocrx_word' id='word_1_53' title='bbox 627 1431 677 1489; x_wconf 90' lang='lat' dir='ltr'><strong>est</strong></span> <span class='ocrx_word' id='word_1_54' title='bbox 692 1434 724 1488; x_wconf 92' lang='lat' dir='ltr'><strong>et</strong></span> <span class='ocrx_word' id='word_1_55' title='bbox 738 1422 803 1488; x_wconf 87' lang='lat' dir='ltr'><strong>vol.</strong></span> <span class='ocrx_word' id='word_1_56' title='bbox 818 1425 844 1490; x_wconf 93' lang='lat' dir='ltr'><strong>I.</strong></span> <span class='ocrx_word' id='word_1_57' title='bbox 863 1447 939 1512; x_wconf 88' lang='lat' dir='ltr'><strong>pag.</strong></span> <span class='ocrx_word' id='word_1_58' title='bbox 956 1425 1018 1490; x_wconf 82' lang='grc'><strong>845</strong></span> <span class='ocrx_word' id='word_1_59' title='bbox 1033 1447 1103 1512; x_wconf 91' lang='lat' dir='ltr'><strong>sqq.</strong></span> <span class='ocrx_word' id='word_1_60' title='bbox 1117 1425 1247 1511; x_wconf 91' lang='lat' dir='ltr'><strong>legitur.</strong></span> <span class='ocrx_word' id='word_1_61' title='bbox 1289 1425 1361 1492; x_wconf 88' lang='lat' dir='ltr'><strong>Fol.</strong></span> <span class='ocrx_word' id='word_1_62' title='bbox 1379 1427 1407 1490; x_wconf 91' lang='lat'><strong>1.</strong></span> <span class='ocrx_word' id='word_1_63' title='bbox 1422 1426 1537 1514; x_wconf 90' lang='lat' dir='ltr'><strong>incipit</strong></span> <span class='ocrx_word' id='word_1_64' title='bbox 1554 1421 1762 1514; x_wconf 58' lang='grc' dir='ltr'><strong><em>[τρυφῆσοντες</em></strong></span> <span class='ocrx_word' id='word_1_65' title='bbox 1777 1422 1854 1512; x_wconf 84' lang='lat' dir='ltr'><strong>(sio)</strong></span> <span class='ocrx_word' id='word_1_66' title='bbox 1870 1424 1959 1500; x_wconf 84' lang='grc' dir='ltr'><strong><em>ὅντως</em></strong></span> <span class='ocrx_word' id='word_1_67' title='bbox 1972 1425 2011 1492; x_wconf 85' lang='grc' dir='ltr'><strong><em>τά</em></strong></span> 
     </span>
     <span class='ocr_line' id='line_1_7' title="bbox 359 1548 2010 1640; baseline 0.001 -23"><span class='ocrx_word' id='word_1_68' title='bbox 359 1549 395 1634; x_wconf 82' lang='grc' dir='ltr'><strong>μὴ</strong></span> <span class='ocrx_word' id='word_1_69' title='bbox 410 1551 570 1635; x_wconf 79' lang='grc' dir='ltr'><strong><em>κινούμενα·</em></strong></span> <span class='ocrx_word' id='word_1_70' title='bbox 586 1551 628 1616; x_wconf 83' lang='lat' dir='ltr'><strong>cl.</strong></span> <span class='ocrx_word' id='word_1_71' title='bbox 643 1549 664 1614; x_wconf 94' lang='lat' dir='ltr'><strong>l.</strong></span> <span class='ocrx_word' id='word_1_72' title='bbox 680 1548 701 1614; x_wconf 94' lang='lat' dir='ltr'><strong>l.</strong></span> <span class='ocrx_word' id='word_1_73' title='bbox 719 1573 795 1638; x_wconf 85' lang='lat' dir='ltr'><strong>pag.</strong></span> <span class='ocrx_word' id='word_1_74' title='bbox 812 1550 884 1616; x_wconf 82' lang='lat'>847.</span> <span class='ocrx_word' id='word_1_75' title='bbox 899 1575 984 1618; x_wconf 87' lang='lat' dir='ltr'><strong>vers.</strong></span> <span class='ocrx_word' id='word_1_76' title='bbox 999 1553 1030 1618; x_wconf 89' lang='grc'><strong>4.</strong></span> <span class='ocrx_word' id='word_1_77' title='bbox 1046 1561 1079 1618; x_wconf 91' lang='lat' dir='ltr'><strong>et</strong></span> <span class='ocrx_word' id='word_1_78' title='bbox 1092 1553 1204 1618; x_wconf 88' lang='lat' dir='ltr'><strong>finitur</strong></span> <span class='ocrx_word' id='word_1_79' title='bbox 1217 1551 1328 1618; x_wconf 88' lang='lat' dir='ltr'><strong>verbis</strong></span> <span class='ocrx_word' id='word_1_80' title='bbox 1343 1552 1502 1637; x_wconf 74' lang='grc' dir='ltr'><strong><em>δπελντησαν</em></strong></span> <span class='ocrx_word' id='word_1_81' title='bbox 1515 1553 1720 1638; x_wconf 84' lang='grc' dir='ltr'><strong><em>λαμιιρότητες,</em></strong></span> <span class='ocrx_word' id='word_1_82' title='bbox 1739 1553 1781 1618; x_wconf 87' lang='lat' dir='ltr'><strong>cl.</strong></span> <span class='ocrx_word' id='word_1_83' title='bbox 1796 1552 1919 1619; x_wconf 88' lang='lat' dir='ltr'><strong>ibidem</strong></span> <span class='ocrx_word' id='word_1_84' title='bbox 1933 1573 2010 1640; x_wconf 85' lang='lat' dir='ltr'><strong>pag.</strong></span> 
     </span>
     <span class='ocr_line' id='line_1_8' title="bbox 360 1669 2010 1768; baseline 0.001 -26"><span class='ocrx_word' id='word_1_85' title='bbox 360 1675 433 1742; x_wconf 83' lang='lat'>848.</span> <span class='ocrx_word' id='word_1_86' title='bbox 449 1699 533 1742; x_wconf 89' lang='lat' dir='ltr'><strong>vers.</strong></span> <span class='ocrx_word' id='word_1_87' title='bbox 549 1677 579 1742; x_wconf 93' lang='grc'><strong>2.</strong></span> <span class='ocrx_word' id='word_1_88' title='bbox 595 1675 636 1743; x_wconf 90' lang='lat' dir='ltr'><strong>ab</strong></span> <span class='ocrx_word' id='word_1_89' title='bbox 651 1669 728 1743; x_wconf 80' lang='lat' dir='ltr'><strong>ir&#39;no.</strong></span> <span class='ocrx_word' id='word_1_90' title='bbox 770 1677 843 1744; x_wconf 86' lang='lat' dir='ltr'><strong>Fol.</strong></span> <span class='ocrx_word' id='word_1_91' title='bbox 859 1679 889 1744; x_wconf 83' lang='lat'><strong>2.</strong></span> <span class='ocrx_word' id='word_1_92' title='bbox 904 1680 1020 1767; x_wconf 87' lang='lat' dir='ltr'><strong>incipit</strong></span> <span class='ocrx_word' id='word_1_93' title='bbox 1034 1679 1050 1746; x_wconf 86' lang='grc' dir='ltr'><strong>ὁ</strong></span> <span class='ocrx_word' id='word_1_94' title='bbox 1064 1680 1234 1765; x_wconf 77' lang='grc' dir='ltr'><strong><em>παράδεισος</em></strong></span> <span class='ocrx_word' id='word_1_95' title='bbox 1247 1675 1336 1754; x_wconf 80' lang='grc' dir='ltr'><strong><em>οὗτος.</em></strong></span> <span class='ocrx_word' id='word_1_96' title='bbox 1350 1685 1405 1756; x_wconf 79' lang='grc' dir='ltr'><strong><em>τῶ,</em></strong></span> <span class='ocrx_word' id='word_1_97' title='bbox 1428 1702 1511 1768; x_wconf 90' lang='lat' dir='ltr'><strong>quae</strong></span> <span class='ocrx_word' id='word_1_98' title='bbox 1525 1679 1628 1746; x_wconf 87' lang='lat' dir='ltr'><strong>verba</strong></span> <span class='ocrx_word' id='word_1_99' title='bbox 1641 1681 1676 1744; x_wconf 89' lang='lat' dir='ltr'><strong>in</strong></span> <span class='ocrx_word' id='word_1_100' title='bbox 1689 1680 1817 1744; x_wconf 89' lang='lat' dir='ltr'><strong>initium</strong></span> <span class='ocrx_word' id='word_1_101' title='bbox 1831 1702 1903 1767; x_wconf 89' lang='lat' dir='ltr'><strong>cap.</strong></span> <span class='ocrx_word' id='word_1_102' title='bbox 1917 1679 2010 1746; x_wconf 89' lang='lat' dir='ltr'><strong>VIII.</strong></span> 
     </span>
    </p>
   </div>
   <div class='ocr_carea' id='block_1_3' title="bbox 359 1789 2009 1894">
    <p class='ocr_par' dir='ltr' id='par_1_3' title="bbox 359 1789 2009 1894">
     <span class='ocr_line' id='line_1_9' title="bbox 359 1789 2009 1894; baseline 0.002 -26"><span class='ocrx_word' id='word_1_103' title='bbox 359 1802 508 1868; x_wconf 65' lang='lat' dir='ltr'><strong>metuunt</strong></span> <span class='ocrx_word' id='word_1_104' title='bbox 527 1803 548 1868; x_wconf 92' lang='lat'><strong>1.</strong></span> <span class='ocrx_word' id='word_1_105' title='bbox 572 1803 593 1870; x_wconf 88' lang='lat'><strong>1.</strong></span> <span class='ocrx_word' id='word_1_106' title='bbox 616 1827 692 1892; x_wconf 67' lang='lat' dir='ltr'><strong>pag.</strong></span> <span class='ocrx_word' id='word_1_107' title='bbox 716 1804 793 1888; x_wconf 63' lang='grc' dir='ltr'><strong><em>σεο,</em></strong></span> <span class='ocrx_word' id='word_1_108' title='bbox 824 1806 935 1872; x_wconf 70' lang='lat' dir='ltr'><strong>finitur</strong></span> <span class='ocrx_word' id='word_1_109' title='bbox 956 1807 1004 1873; x_wconf 77' lang='lat' dir='ltr'><strong>aa</strong></span> <span class='ocrx_word' id='word_1_110' title='bbox 1024 1809 1109 1892; x_wconf 69' lang='grc' dir='ltr'><strong><em>μνη,</em></strong></span> <span class='ocrx_word' id='word_1_111' title='bbox 1128 1813 1221 1892; x_wconf 64' lang='grc' dir='ltr'><strong><em>ψυχῆς</em></strong></span> <span class='ocrx_word' id='word_1_112' title='bbox 1243 1829 1318 1894; x_wconf 69' lang='lat' dir='ltr'><strong>pag.</strong></span> <span class='ocrx_word' id='word_1_113' title='bbox 1342 1806 1414 1872; x_wconf 77' lang='grc' dir='ltr'><strong><em>εστ.</em></strong></span> <span class='ocrx_word' id='word_1_114' title='bbox 1435 1789 1487 1871; x_wconf 67' lang='grc' dir='ltr'><strong>Β.</strong></span> <span class='ocrx_word' id='word_1_115' title='bbox 1525 1806 1663 1892; x_wconf 82' lang='lat' dir='ltr'><strong>Legitur</strong></span> <span class='ocrx_word' id='word_1_116' title='bbox 1686 1807 1721 1872; x_wconf 78' lang='lat' dir='ltr'><strong>in</strong></span> <span class='ocrx_word' id='word_1_117' title='bbox 1743 1806 1795 1872; x_wconf 73' lang='lat' dir='ltr'><strong>us</strong></span> <span class='ocrx_word' id='word_1_118' title='bbox 1817 1807 2009 1892; x_wconf 73' lang='lat' dir='ltr'><strong>fragmemis</strong></span> 
     </span>
    </p>
   </div>
   <div class='ocr_carea' id='block_1_4' title="bbox 357 1929 2010 4434">
    <p class='ocr_par' dir='ltr' id='par_1_4' title="bbox 357 1929 2010 4434">
     <span class='ocr_line' id='line_1_10' title="bbox 359 1929 2010 2020; baseline 0.002 -26"><span class='ocrx_word' id='word_1_119' title='bbox 359 1953 391 2017; x_wconf 90' lang='lat' dir='ltr'><strong>p.</strong></span> <span class='ocrx_word' id='word_1_120' title='bbox 408 1929 479 1996; x_wconf 81' lang='grc'><strong>847.</strong></span> <span class='ocrx_word' id='word_1_121' title='bbox 494 1931 533 1996; x_wconf 93' lang='grc' dir='ltr'><strong>Β.</strong></span> <span class='ocrx_word' id='word_1_122' title='bbox 555 1937 596 1997; x_wconf 78' lang='lat' dir='ltr'><strong>roi</strong></span> <span class='ocrx_word' id='word_1_123' title='bbox 612 1937 723 2017; x_wconf 82' lang='grc' dir='ltr'><strong><em>Μωυσῆ</em></strong></span> <span class='ocrx_word' id='word_1_124' title='bbox 742 1941 775 1998; x_wconf 88' lang='lat' dir='ltr'><strong>et</strong></span> <span class='ocrx_word' id='word_1_125' title='bbox 794 1931 845 2019; x_wconf 88' lang='lat' dir='ltr'><strong>(ut</strong></span> <span class='ocrx_word' id='word_1_126' title='bbox 861 1943 951 1998; x_wconf 85' lang='lat' dir='ltr'><strong>reete</strong></span> <span class='ocrx_word' id='word_1_127' title='bbox 971 1935 1093 2000; x_wconf 87' lang='lat' dir='ltr'><strong>editum</strong></span> <span class='ocrx_word' id='word_1_128' title='bbox 1113 1931 1176 2020; x_wconf 90' lang='lat' dir='ltr'><strong>est)</strong></span> <span class='ocrx_word' id='word_1_129' title='bbox 1197 1936 1463 2020; x_wconf 80' lang='grc' dir='ltr'><strong><em>σκιαγραφοάμενος,</em></strong></span> <span class='ocrx_word' id='word_1_130' title='bbox 1489 1931 1516 1998; x_wconf 81' lang='lat' dir='ltr'>C</span> <span class='ocrx_word' id='word_1_131' title='bbox 1535 1935 1585 2001; x_wconf 78' lang='grc' dir='ltr'><strong>οὐκ</strong></span> <span class='ocrx_word' id='word_1_132' title='bbox 1603 1935 1704 2000; x_wconf 72' lang='lat' dir='ltr'><strong>bracia</strong></span> <span class='ocrx_word' id='word_1_133' title='bbox 1718 1935 1779 2002; x_wconf 85' lang='grc' dir='ltr'><strong><em>κατ’</em></strong></span> <span class='ocrx_word' id='word_1_134' title='bbox 1796 1935 1880 2011; x_wconf 80' lang='grc' dir='ltr'><strong><em>αὐτό,</em></strong></span> <span class='ocrx_word' id='word_1_135' title='bbox 1903 1934 1962 2000; x_wconf 82' lang='grc' dir='ltr'><strong><em>ἀλλ’</em></strong></span> <span class='ocrx_word' id='word_1_136' title='bbox 1980 1933 2010 1998; x_wconf 79' lang='grc' dir='ltr'><strong>ἔκ</strong></span> 
     </span>
     <span class='ocr_line' id='line_1_11' title="bbox 359 2054 2009 2148; baseline 0.002 -26"><span class='ocrx_word' id='word_1_137' title='bbox 359 2054 422 2142; x_wconf 77' lang='grc' dir='ltr'><strong><em>περὶ</em></strong></span> <span class='ocrx_word' id='word_1_138' title='bbox 437 2059 506 2126; x_wconf 70' lang='lat' dir='ltr'><strong>cert</strong></span> <span class='ocrx_word' id='word_1_139' title='bbox 521 2054 746 2146; x_wconf 74' lang='grc' dir='ltr'><strong><em>(κεκαθαρμένον</em></strong></span> <span class='ocrx_word' id='word_1_140' title='bbox 759 2082 863 2146; x_wconf 83' lang='lat' dir='ltr'><strong>usque</strong></span> <span class='ocrx_word' id='word_1_141' title='bbox 879 2061 1094 2146; x_wconf 74' lang='grc' dir='ltr'><strong><em>ἀνεπιχειρητον·</em></strong></span> <span class='ocrx_word' id='word_1_142' title='bbox 1114 2066 1155 2142; x_wconf 76' lang='grc' dir='ltr'><strong><em>τῷ</em></strong></span> <span class='ocrx_word' id='word_1_143' title='bbox 1170 2059 1200 2126; x_wconf 78' lang='grc' dir='ltr'><strong>δὲ</strong></span> <span class='ocrx_word' id='word_1_144' title='bbox 1214 2063 1235 2128; x_wconf 89' lang='grc' dir='ltr'><strong><em>ἀ</em></strong></span> <span class='ocrx_word' id='word_1_145' title='bbox 1248 2057 1439 2148; x_wconf 85' lang='lat' dir='ltr'><strong>perierunt),</strong></span> <span class='ocrx_word' id='word_1_146' title='bbox 1459 2062 1538 2126; x_wconf 83' lang='lat' dir='ltr'><strong>Item</strong></span> <span class='ocrx_word' id='word_1_147' title='bbox 1551 2062 1739 2146; x_wconf 77' lang='grc' dir='ltr'><strong>θαυμάζεται,</strong></span> <span class='ocrx_word' id='word_1_148' title='bbox 1753 2061 1786 2126; x_wconf 93' lang='lat' dir='ltr'>D</span> <span class='ocrx_word' id='word_1_149' title='bbox 1802 2069 1853 2126; x_wconf 87' lang='lat' dir='ltr'><strong>est</strong></span> <span class='ocrx_word' id='word_1_150' title='bbox 1866 2071 2009 2137; x_wconf 69' lang='lat' dir='ltr'><strong>nodatam,</strong></span> 
     </span>
     <span class='ocr_line' id='line_1_12' title="bbox 359 2186 2009 2274; baseline 0.002 -24"><span class='ocrx_word' id='word_1_151' title='bbox 359 2187 501 2270; x_wconf 87' lang='grc' dir='ltr'><strong><em>καθαίρει,</em></strong></span> <span class='ocrx_word' id='word_1_152' title='bbox 525 2187 720 2272; x_wconf 80' lang='grc' dir='ltr'><strong><em>ἀπεργάζεται,</em></strong></span> <span class='ocrx_word' id='word_1_153' title='bbox 741 2194 908 2272; x_wconf 86' lang='grc' dir='ltr'><strong><em>προσομιλεῖ.</em></strong></span> <span class='ocrx_word' id='word_1_154' title='bbox 951 2186 1005 2253; x_wconf 86' lang='lat' dir='ltr'><strong>Ad</strong></span> <span class='ocrx_word' id='word_1_155' title='bbox 1027 2191 1059 2255; x_wconf 88' lang='grc' dir='ltr'><strong><em>τί</em></strong></span> <span class='ocrx_word' id='word_1_156' title='bbox 1076 2189 1131 2274; x_wconf 87' lang='grc' dir='ltr'><strong>γάρ</strong></span> <span class='ocrx_word' id='word_1_157' title='bbox 1152 2187 1184 2256; x_wconf 84' lang='grc' dir='ltr'><strong>ὅν</strong></span> <span class='ocrx_word' id='word_1_158' title='bbox 1207 2187 1289 2254; x_wconf 87' lang='lat' dir='ltr'><strong>haeo</strong></span> <span class='ocrx_word' id='word_1_159' title='bbox 1311 2197 1424 2254; x_wconf 81' lang='lat' dir='ltr'><strong>notata</strong></span> <span class='ocrx_word' id='word_1_160' title='bbox 1444 2203 1533 2254; x_wconf 85' lang='lat' dir='ltr'><strong>sunt:</strong></span> <span class='ocrx_word' id='word_1_161' title='bbox 1555 2189 1587 2254; x_wconf 86' lang='grc' dir='ltr'><strong><em>τί</em></strong></span> <span class='ocrx_word' id='word_1_162' title='bbox 1601 2186 1661 2256; x_wconf 86' lang='grc' dir='ltr'><strong><em>ὄντι</em></strong></span> <span class='ocrx_word' id='word_1_163' title='bbox 1679 2189 1756 2255; x_wconf 72' lang='lat' dir='ltr'><strong>abaci</strong></span> <span class='ocrx_word' id='word_1_164' title='bbox 1774 2188 1850 2254; x_wconf 80' lang='grc' dir='ltr'><strong><em>κατὰ</em></strong></span> <span class='ocrx_word' id='word_1_165' title='bbox 1864 2187 1914 2272; x_wconf 75' lang='grc' dir='ltr'><strong>την</strong></span> <span class='ocrx_word' id='word_1_166' title='bbox 1927 2189 2009 2272; x_wconf 82' lang='grc' dir='ltr'><strong><em>φάσιν</em></strong></span> 
     </span>
     <span class='ocr_line' id='line_1_13' title="bbox 359 2311 2010 2402; baseline 0.002 -23"><span class='ocrx_word' id='word_1_167' title='bbox 359 2311 476 2398; x_wconf 73' lang='grc' dir='ltr'><strong><em>ὑπάρχει</em></strong></span> <span class='ocrx_word' id='word_1_168' title='bbox 497 2313 530 2382; x_wconf 85' lang='grc' dir='ltr'><strong><em>τὸ</em></strong></span> <span class='ocrx_word' id='word_1_169' title='bbox 552 2313 659 2381; x_wconf 71' lang='grc' dir='ltr'><strong><em>ἁπλοῦν</em></strong></span> <span class='ocrx_word' id='word_1_170' title='bbox 682 2316 760 2380; x_wconf 78' lang='grc' dir='ltr'><strong><em>εἶναι.</em></strong></span> <span class='ocrx_word' id='word_1_171' title='bbox 801 2313 960 2380; x_wconf 85' lang='lat' dir='ltr'><strong>Extremo</strong></span> <span class='ocrx_word' id='word_1_172' title='bbox 983 2336 1081 2380; x_wconf 90' lang='lat' dir='ltr'><strong>versu</strong></span> <span class='ocrx_word' id='word_1_173' title='bbox 1104 2315 1275 2381; x_wconf 90' lang='lat' dir='ltr'><strong>confirmat</strong></span> <span class='ocrx_word' id='word_1_174' title='bbox 1297 2317 1516 2402; x_wconf 79' lang='grc' dir='ltr'><strong><em>δπιζητὴσωμεν,</em></strong></span> <span class='ocrx_word' id='word_1_175' title='bbox 1540 2315 1619 2380; x_wconf 82' lang='lat' dir='ltr'><strong>itenl</strong></span> <span class='ocrx_word' id='word_1_176' title='bbox 1639 2337 1716 2402; x_wconf 90' lang='lat' dir='ltr'><strong>pag.</strong></span> <span class='ocrx_word' id='word_1_177' title='bbox 1735 2314 1808 2380; x_wconf 89' lang='lat'>848.</span> <span class='ocrx_word' id='word_1_178' title='bbox 1829 2315 1862 2381; x_wconf 91' lang='lat' dir='ltr'>A</span> <span class='ocrx_word' id='word_1_179' title='bbox 1883 2317 1917 2382; x_wconf 84' lang='grc' dir='ltr'><strong><em>τὸ</em></strong></span> <span class='ocrx_word' id='word_1_180' title='bbox 1940 2317 2010 2382; x_wconf 77' lang='grc' dir='ltr'><strong><em>εἶναι</em></strong></span> 
     </span>
     <span class='ocr_line' id='line_1_14' title="bbox 359 2439 2007 2530; baseline 0.001 -26"><span class='ocrx_word' id='word_1_181' title='bbox 359 2440 456 2524; x_wconf 83' lang='grc' dir='ltr'><strong><em>μόνον,</em></strong></span> <span class='ocrx_word' id='word_1_182' title='bbox 474 2439 503 2504; x_wconf 93' lang='grc' dir='ltr'>Β</span> <span class='ocrx_word' id='word_1_183' title='bbox 519 2450 570 2506; x_wconf 91' lang='lat' dir='ltr'><strong>est</strong></span> <span class='ocrx_word' id='word_1_184' title='bbox 583 2439 653 2509; x_wconf 81' lang='grc' dir='ltr'><strong><em>ὅταν</em></strong></span> <span class='ocrx_word' id='word_1_185' title='bbox 671 2442 695 2507; x_wconf 77' lang='grc' dir='ltr'><strong><em>δ</em></strong></span> <span class='ocrx_word' id='word_1_186' title='bbox 718 2445 758 2516; x_wconf 81' lang='grc' dir='ltr'><strong>εἰς</strong></span> <span class='ocrx_word' id='word_1_187' title='bbox 774 2442 824 2510; x_wconf 85' lang='grc' dir='ltr'><strong>τὸν</strong></span> <span class='ocrx_word' id='word_1_188' title='bbox 841 2443 933 2518; x_wconf 86' lang='grc' dir='ltr'><strong><em>κάτω,</em></strong></span> <span class='ocrx_word' id='word_1_189' title='bbox 953 2441 1012 2507; x_wconf 89' lang='lat' dir='ltr'><strong>sed</strong></span> <span class='ocrx_word' id='word_1_190' title='bbox 1027 2444 1066 2516; x_wconf 83' lang='grc' dir='ltr'><strong>εἰς</strong></span> <span class='ocrx_word' id='word_1_191' title='bbox 1078 2443 1128 2510; x_wconf 86' lang='grc' dir='ltr'><strong>τὸν</strong></span> <span class='ocrx_word' id='word_1_192' title='bbox 1141 2443 1176 2506; x_wconf 91' lang='lat' dir='ltr'><strong>in</strong></span> <span class='ocrx_word' id='word_1_193' title='bbox 1189 2465 1306 2508; x_wconf 90' lang='lat' dir='ltr'><strong>rasura</strong></span> <span class='ocrx_word' id='word_1_194' title='bbox 1320 2445 1478 2530; x_wconf 88' lang='lat' dir='ltr'><strong>scriptum</strong></span> <span class='ocrx_word' id='word_1_195' title='bbox 1493 2452 1544 2508; x_wconf 90' lang='lat' dir='ltr'><strong>est</strong></span> <span class='ocrx_word' id='word_1_196' title='bbox 1557 2451 1591 2508; x_wconf 89' lang='lat' dir='ltr'><strong>et</strong></span> <span class='ocrx_word' id='word_1_197' title='bbox 1604 2442 1638 2506; x_wconf 90' lang='lat' dir='ltr'><strong>in</strong></span> <span class='ocrx_word' id='word_1_198' title='bbox 1652 2444 1800 2528; x_wconf 83' lang='lat' dir='ltr'><strong>margine</strong></span> <span class='ocrx_word' id='word_1_199' title='bbox 1815 2443 2007 2508; x_wconf 74' lang='lat' dir='ltr'><strong>adnotatur:</strong></span> 
     </span>
     <span class='ocr_line' id='line_1_15' title="bbox 359 2567 2010 2658; baseline 0.002 -25"><span class='ocrx_word' id='word_1_200' title='bbox 359 2569 398 2642; x_wconf 82' lang='grc' dir='ltr'><strong>εἰς</strong></span> <span class='ocrx_word' id='word_1_201' title='bbox 416 2569 455 2634; x_wconf 83' lang='grc' dir='ltr'><strong><em>τά</em></strong></span> <span class='ocrx_word' id='word_1_202' title='bbox 472 2570 620 2650; x_wconf 65' lang='lat' dir='ltr'><strong>pellona,</strong></span> <span class='ocrx_word' id='word_1_203' title='bbox 640 2569 719 2634; x_wconf 87' lang='lat' dir='ltr'><strong>item</strong></span> <span class='ocrx_word' id='word_1_204' title='bbox 737 2569 781 2634; x_wconf 91' lang='lat' dir='ltr'><strong>ad</strong></span> <span class='ocrx_word' id='word_1_205' title='bbox 799 2567 902 2634; x_wconf 86' lang='lat' dir='ltr'><strong>verba</strong></span> <span class='ocrx_word' id='word_1_206' title='bbox 919 2570 1016 2653; x_wconf 86' lang='grc' dir='ltr'><strong><em>συνελη</em></strong></span> <span class='ocrx_word' id='word_1_207' title='bbox 1029 2569 1062 2636; x_wconf 84' lang='grc' dir='ltr'><strong><em>τὸ</em></strong></span> <span class='ocrx_word' id='word_1_208' title='bbox 1075 2574 1135 2636; x_wconf 84' lang='grc' dir='ltr'><strong>πᾶν</strong></span> <span class='ocrx_word' id='word_1_209' title='bbox 1147 2572 1182 2634; x_wconf 93' lang='lat' dir='ltr'><strong>in</strong></span> <span class='ocrx_word' id='word_1_210' title='bbox 1196 2571 1343 2656; x_wconf 90' lang='lat' dir='ltr'><strong>margine</strong></span> <span class='ocrx_word' id='word_1_211' title='bbox 1358 2571 1559 2658; x_wconf 89' lang='lat' dir='ltr'><strong>adscriptum</strong></span> <span class='ocrx_word' id='word_1_212' title='bbox 1575 2579 1638 2634; x_wconf 89' lang='lat' dir='ltr'><strong>est:</strong></span> <span class='ocrx_word' id='word_1_213' title='bbox 1661 2570 1700 2643; x_wconf 77' lang='grc' dir='ltr'><strong>εἰς</strong></span> <span class='ocrx_word' id='word_1_214' title='bbox 1712 2569 1750 2636; x_wconf 82' lang='grc' dir='ltr'><strong><em>τά</em></strong></span> <span class='ocrx_word' id='word_1_215' title='bbox 1765 2569 1948 2654; x_wconf 75' lang='grc' dir='ltr'><strong><em>παρελθόντα</em></strong></span> <span class='ocrx_word' id='word_1_216' title='bbox 1961 2567 2010 2636; x_wconf 77' lang='grc' dir='ltr'><strong><em>καὶ</em></strong></span> 
     </span>
     <span class='ocr_line' id='line_1_16' title="bbox 359 2694 2010 2784; baseline 0.001 -23"><span class='ocrx_word' id='word_1_217' title='bbox 359 2694 397 2761; x_wconf 84' lang='grc' dir='ltr'><strong><em>τά</em></strong></span> <span class='ocrx_word' id='word_1_218' title='bbox 415 2696 558 2779; x_wconf 59' lang='lat' dir='ltr'><strong>aeona</strong></span> <span class='ocrx_word' id='word_1_219' title='bbox 600 2695 691 2761; x_wconf 86' lang='lat' dir='ltr'><strong>Infra</strong></span> <span class='ocrx_word' id='word_1_220' title='bbox 709 2695 830 2781; x_wconf 88' lang='lat' dir='ltr'><strong>legitur</strong></span> <span class='ocrx_word' id='word_1_221' title='bbox 847 2699 1095 2782; x_wconf 76' lang='grc' dir='ltr'><strong><em>πεῳάοσοφείσθω</em></strong></span> <span class='ocrx_word' id='word_1_222' title='bbox 1118 2697 1155 2762; x_wconf 81' lang='grc' dir='ltr'><strong><em>τὰ</em></strong></span> <span class='ocrx_word' id='word_1_223' title='bbox 1173 2702 1229 2764; x_wconf 81' lang='grc' dir='ltr'><strong><em>νῦν.</em></strong></span> <span class='ocrx_word' id='word_1_224' title='bbox 1280 2696 1334 2764; x_wconf 94' lang='lat' dir='ltr'><strong>Ad</strong></span> <span class='ocrx_word' id='word_1_225' title='bbox 1351 2700 1479 2784; x_wconf 65' lang='grc' dir='ltr'><strong><em>γενομένης</em></strong></span> <span class='ocrx_word' id='word_1_226' title='bbox 1493 2697 1557 2762; x_wconf 94' lang='lat' dir='ltr'><strong>hoc</strong></span> <span class='ocrx_word' id='word_1_227' title='bbox 1572 2695 1721 2762; x_wconf 83' lang='lat' dir='ltr'><strong>scholion</strong></span> <span class='ocrx_word' id='word_1_228' title='bbox 1733 2695 1867 2781; x_wconf 87' lang='lat' dir='ltr'><strong>legitur:</strong></span> <span class='ocrx_word' id='word_1_229' title='bbox 1888 2701 2010 2782; x_wconf 80' lang='grc' dir='ltr'><strong><em>χεθῑμαι</em></strong></span> 
     </span>
     <span class='ocr_line' id='line_1_17' title="bbox 358 2822 2007 2910; baseline 0.002 -23"><span class='ocrx_word' id='word_1_230' title='bbox 358 2823 428 2908; x_wconf 82' lang='grc' dir='ltr'><strong><em>λε’γει</em></strong></span> <span class='ocrx_word' id='word_1_231' title='bbox 449 2822 482 2890; x_wconf 82' lang='grc' dir='ltr'><strong><em>τὸ</em></strong></span> <span class='ocrx_word' id='word_1_232' title='bbox 505 2822 620 2908; x_wconf 82' lang='grc' dir='ltr'><strong><em>ἀγαθὸν</em></strong></span> <span class='ocrx_word' id='word_1_233' title='bbox 642 2823 675 2890; x_wconf 84' lang='grc' dir='ltr'><strong><em>τὸ</em></strong></span> <span class='ocrx_word' id='word_1_234' title='bbox 698 2824 748 2890; x_wconf 79' lang='grc' dir='ltr'><strong>τὸν</strong></span> <span class='ocrx_word' id='word_1_235' title='bbox 768 2824 818 2890; x_wconf 71' lang='grc' dir='ltr'><strong>ἕνα</strong></span> <span class='ocrx_word' id='word_1_236' title='bbox 836 2824 907 2891; x_wconf 83' lang='grc' dir='ltr'><strong><em>θεὸν</em></strong></span> <span class='ocrx_word' id='word_1_237' title='bbox 926 2823 1073 2908; x_wconf 79' lang='grc' dir='ltr'><strong><em>ἀναλόγως</em></strong></span> <span class='ocrx_word' id='word_1_238' title='bbox 1092 2825 1163 2908; x_wconf 82' lang='grc' dir='ltr'><strong><em>πρὸς</em></strong></span> <span class='ocrx_word' id='word_1_239' title='bbox 1180 2825 1219 2892; x_wconf 89' lang='grc' dir='ltr'><strong><em>τά</em></strong></span> <span class='ocrx_word' id='word_1_240' title='bbox 1237 2825 1348 2892; x_wconf 78' lang='grc' dir='ltr'><strong><em>δεκτατά</em></strong></span> <span class='ocrx_word' id='word_1_241' title='bbox 1367 2830 1401 2910; x_wconf 75' lang='grc' dir='ltr'><strong><em>τη</em></strong></span> <span class='ocrx_word' id='word_1_242' title='bbox 1419 2825 1572 2910; x_wconf 77' lang='grc' dir='ltr'><strong><em>μεταδώσει</em></strong></span> <span class='ocrx_word' id='word_1_243' title='bbox 1589 2828 1647 2890; x_wconf 69' lang='grc' dir='ltr'><strong><em>τοῖν</em></strong></span> <span class='ocrx_word' id='word_1_244' title='bbox 1661 2824 1785 2910; x_wconf 78' lang='grc' dir='ltr'><strong><em>ἀγαθῶν</em></strong></span> <span class='ocrx_word' id='word_1_245' title='bbox 1799 2824 2007 2908; x_wconf 69' lang='grc' dir='ltr'><strong><em>πληθύνεσθαι.</em></strong></span> 
     </span>
     <span class='ocr_line' id='line_1_18' title="bbox 358 2948 2008 3039; baseline 0.001 -25"><span class='ocrx_word' id='word_1_246' title='bbox 358 2948 498 3034; x_wconf 86' lang='lat' dir='ltr'><strong>Legitur</strong></span> <span class='ocrx_word' id='word_1_247' title='bbox 515 2948 570 3016; x_wconf 86' lang='grc' dir='ltr'><strong>κάν</strong></span> <span class='ocrx_word' id='word_1_248' title='bbox 589 2951 618 3014; x_wconf 78' lang='grc' dir='ltr'><strong>ἐν</strong></span> <span class='ocrx_word' id='word_1_249' title='bbox 635 2961 694 3025; x_wconf 84' lang='grc' dir='ltr'><strong><em>τοῖς</em></strong></span> <span class='ocrx_word' id='word_1_250' title='bbox 714 2959 747 3016; x_wconf 83' lang='lat' dir='ltr'><strong>et</strong></span> <span class='ocrx_word' id='word_1_251' title='bbox 765 2950 781 3019; x_wconf 84' lang='grc' dir='ltr'><strong>ὅ</strong></span> <span class='ocrx_word' id='word_1_252' title='bbox 800 2949 849 3017; x_wconf 75' lang='grc' dir='ltr'><strong><em>καί</em></strong></span> <span class='ocrx_word' id='word_1_253' title='bbox 867 2949 944 3018; x_wconf 72' lang='grc' dir='ltr'><strong><em>α”λλω</em></strong></span> <span class='ocrx_word' id='word_1_254' title='bbox 962 2948 1015 3017; x_wconf 79' lang='grc' dir='ltr'><strong><em>τινὶ</em></strong></span> <span class='ocrx_word' id='word_1_255' title='bbox 1028 2951 1097 3034; x_wconf 82' lang='grc' dir='ltr'><strong><em>πρίν,</em></strong></span> <span class='ocrx_word' id='word_1_256' title='bbox 1116 2951 1160 3016; x_wconf 83' lang='lat' dir='ltr'><strong>ad</strong></span> <span class='ocrx_word' id='word_1_257' title='bbox 1174 2973 1258 3039; x_wconf 86' lang='lat' dir='ltr'><strong>quae</strong></span> <span class='ocrx_word' id='word_1_258' title='bbox 1272 2951 1375 3016; x_wconf 83' lang='lat' dir='ltr'><strong>verbe</strong></span> <span class='ocrx_word' id='word_1_259' title='bbox 1388 2959 1533 3016; x_wconf 87' lang='lat' dir='ltr'><strong>notatur:</strong></span> <span class='ocrx_word' id='word_1_260' title='bbox 1556 2953 1633 3035; x_wconf 70' lang='grc' dir='ltr'><strong><em>οἶμαι</em></strong></span> <span class='ocrx_word' id='word_1_261' title='bbox 1647 2951 1733 3018; x_wconf 69' lang='lat' dir='ltr'><strong>aisis</strong></span> <span class='ocrx_word' id='word_1_262' title='bbox 1747 2951 1910 3018; x_wconf 85' lang='grc' dir='ltr'><strong><em>ἀθανάσισν</em></strong></span> <span class='ocrx_word' id='word_1_263' title='bbox 1923 2951 2008 3035; x_wconf 62' lang='grc' dir='ltr'><strong><em>λέγειν</em></strong></span> 
     </span>
     <span class='ocr_line' id='line_1_19' title="bbox 359 3075 2007 3166; baseline 0.001 -24"><span class='ocrx_word' id='word_1_264' title='bbox 359 3078 450 3144; x_wconf 76' lang='grc' dir='ltr'><strong><em>ἐντῶ</em></strong></span> <span class='ocrx_word' id='word_1_265' title='bbox 472 3083 496 3142; x_wconf 81' lang='grc' dir='ltr'><strong>δ’</strong></span> <span class='ocrx_word' id='word_1_266' title='bbox 517 3079 591 3162; x_wconf 87' lang='grc' dir='ltr'><strong><em>λόγω</em></strong></span> <span class='ocrx_word' id='word_1_267' title='bbox 612 3077 684 3162; x_wconf 84' lang='grc' dir='ltr'><strong><em>πρὸς</em></strong></span> <span class='ocrx_word' id='word_1_268' title='bbox 705 3077 858 3162; x_wconf 86' lang='grc' dir='ltr'><strong><em>ἀρειανοίς.</em></strong></span> <span class='ocrx_word' id='word_1_269' title='bbox 901 3077 984 3144; x_wconf 85' lang='lat' dir='ltr'><strong>Item</strong></span> <span class='ocrx_word' id='word_1_270' title='bbox 1008 3078 1051 3144; x_wconf 90' lang='lat' dir='ltr'><strong>ad</strong></span> <span class='ocrx_word' id='word_1_271' title='bbox 1072 3083 1184 3164; x_wconf 74' lang='grc' dir='ltr'><strong><em>πρῶτον</em></strong></span> <span class='ocrx_word' id='word_1_272' title='bbox 1205 3081 1255 3162; x_wconf 75' lang='grc' dir='ltr'><strong>μέν</strong></span> <span class='ocrx_word' id='word_1_273' title='bbox 1276 3077 1358 3144; x_wconf 87' lang='lat' dir='ltr'><strong>haec</strong></span> <span class='ocrx_word' id='word_1_274' title='bbox 1380 3079 1531 3166; x_wconf 86' lang='lat' dir='ltr'><strong>apposita</strong></span> <span class='ocrx_word' id='word_1_275' title='bbox 1553 3086 1642 3143; x_wconf 87' lang='lat' dir='ltr'><strong>sunt:</strong></span> <span class='ocrx_word' id='word_1_276' title='bbox 1672 3075 1735 3162; x_wconf 76' lang='grc' dir='ltr'><strong><em>περὶ</em></strong></span> <span class='ocrx_word' id='word_1_277' title='bbox 1755 3080 1930 3163; x_wconf 74' lang='grc' dir='ltr'><strong><em>δημιουργίας</em></strong></span> <span class='ocrx_word' id='word_1_278' title='bbox 1950 3083 2007 3144; x_wconf 76' lang='grc' dir='ltr'><strong>τῶν</strong></span> 
     </span>
     <span class='ocr_line' id='line_1_20' title="bbox 359 3202 2007 3290; baseline 0 -20"><span class='ocrx_word' id='word_1_279' title='bbox 359 3205 495 3290; x_wconf 73' lang='grc' dir='ltr'><strong><em>οὐρανίων</em></strong></span> <span class='ocrx_word' id='word_1_280' title='bbox 514 3205 665 3289; x_wconf 84' lang='grc' dir='ltr'><strong><em>δυνάμεων,</em></strong></span> <span class='ocrx_word' id='word_1_281' title='bbox 679 3202 727 3270; x_wconf 73' lang='grc' dir='ltr'><strong><em>καὶ</em></strong></span> <span class='ocrx_word' id='word_1_282' title='bbox 741 3216 851 3288; x_wconf 85' lang='grc' dir='ltr'><strong><em>σημεῖον</em></strong></span> <span class='ocrx_word' id='word_1_283' title='bbox 870 3204 912 3272; x_wconf 84' lang='grc' dir='ltr'><strong>ὅτι</strong></span> <span class='ocrx_word' id='word_1_284' title='bbox 925 3203 974 3272; x_wconf 75' lang='grc' dir='ltr'><strong><em>καὶ</em></strong></span> <span class='ocrx_word' id='word_1_285' title='bbox 992 3207 1048 3290; x_wconf 84' lang='grc' dir='ltr'><strong><em>πρὸ</em></strong></span> <span class='ocrx_word' id='word_1_286' title='bbox 1067 3207 1175 3280; x_wconf 85' lang='grc' dir='ltr'><strong><em>παντὸς</em></strong></span> <span class='ocrx_word' id='word_1_287' title='bbox 1188 3211 1237 3272; x_wconf 78' lang='grc' dir='ltr'><strong><em>τοῦ</em></strong></span> <span class='ocrx_word' id='word_1_288' title='bbox 1251 3204 1389 3290; x_wconf 75' lang='grc' dir='ltr'><strong><em>ὁρωμένου</em></strong></span> <span class='ocrx_word' id='word_1_289' title='bbox 1403 3206 1501 3272; x_wconf 82' lang='grc' dir='ltr'><strong><em>τούτου</em></strong></span> <span class='ocrx_word' id='word_1_290' title='bbox 1515 3205 1617 3289; x_wconf 83' lang='grc' dir='ltr'><strong><em>κόσμον</em></strong></span> <span class='ocrx_word' id='word_1_291' title='bbox 1630 3205 1737 3280; x_wconf 69' lang='grc' dir='ltr'><strong><em>ταύτας</em></strong></span> <span class='ocrx_word' id='word_1_292' title='bbox 1749 3204 1907 3288; x_wconf 74' lang='grc' dir='ltr'><strong><em>ἀποστῆναί</em></strong></span> <span class='ocrx_word' id='word_1_293' title='bbox 1915 3230 2007 3290; x_wconf 80' lang='grc' dir='ltr'><strong><em>φησιν.</em></strong></span> 
     </span>
     <span class='ocr_line' id='line_1_21' title="bbox 358 3330 2007 3419; baseline 0 -23"><span class='ocrx_word' id='word_1_294' title='bbox 358 3331 438 3417; x_wconf 83' lang='lat' dir='ltr'><strong>Peg.</strong></span> <span class='ocrx_word' id='word_1_295' title='bbox 455 3331 527 3396; x_wconf 79' lang='lat'><strong>850.</strong></span> <span class='ocrx_word' id='word_1_296' title='bbox 542 3331 575 3395; x_wconf 93' lang='lat' dir='ltr'>D</span> <span class='ocrx_word' id='word_1_297' title='bbox 597 3341 647 3396; x_wconf 91' lang='lat' dir='ltr'><strong>est</strong></span> <span class='ocrx_word' id='word_1_298' title='bbox 664 3333 844 3416; x_wconf 72' lang='grc' dir='ltr'><strong><em>τελειστερων.</em></strong></span> <span class='ocrx_word' id='word_1_299' title='bbox 887 3330 941 3397; x_wconf 90' lang='lat' dir='ltr'><strong>Ad</strong></span> <span class='ocrx_word' id='word_1_300' title='bbox 959 3334 1014 3407; x_wconf 83' lang='grc' dir='ltr'><strong><em>τάς</em></strong></span> <span class='ocrx_word' id='word_1_301' title='bbox 1032 3339 1071 3418; x_wconf 90' lang='grc' dir='ltr'><strong><em>γλ</em></strong></span> <span class='ocrx_word' id='word_1_302' title='bbox 1091 3335 1117 3400; x_wconf 84' lang='grc' dir='ltr'><strong>οἱ</strong></span> <span class='ocrx_word' id='word_1_303' title='bbox 1133 3333 1272 3418; x_wconf 84' lang='grc' dir='ltr'><strong><em>θεομάχοι</em></strong></span> <span class='ocrx_word' id='word_1_304' title='bbox 1287 3331 1434 3398; x_wconf 89' lang='lat' dir='ltr'><strong>scholion</strong></span> <span class='ocrx_word' id='word_1_305' title='bbox 1448 3333 1634 3419; x_wconf 89' lang='lat' dir='ltr'><strong>appositum</strong></span> <span class='ocrx_word' id='word_1_306' title='bbox 1648 3341 1719 3398; x_wconf 88' lang='lat' dir='ltr'><strong>erat</strong></span> <span class='ocrx_word' id='word_1_307' title='bbox 1733 3331 1825 3396; x_wconf 89' lang='lat' dir='ltr'><strong>cuius</strong></span> <span class='ocrx_word' id='word_1_308' title='bbox 1840 3330 1922 3396; x_wconf 89' lang='lat' dir='ltr'><strong>haec</strong></span> <span class='ocrx_word' id='word_1_309' title='bbox 1936 3339 2007 3396; x_wconf 88' lang='lat' dir='ltr'><strong>tan·</strong></span> 
     </span>
     <span class='ocr_line' id='line_1_22' title="bbox 357 3457 2008 3546; baseline -0.002 -21"><span class='ocrx_word' id='word_1_310' title='bbox 357 3467 428 3525; x_wconf 90' lang='lat' dir='ltr'><strong>tum</strong></span> <span class='ocrx_word' id='word_1_311' title='bbox 447 3459 549 3524; x_wconf 88' lang='lat' dir='ltr'><strong>verba</strong></span> <span class='ocrx_word' id='word_1_312' title='bbox 569 3467 757 3546; x_wconf 80' lang='lat' dir='ltr'><strong>supersunt:</strong></span> <span class='ocrx_word' id='word_1_313' title='bbox 780 3463 922 3545; x_wconf 75' lang='grc' dir='ltr'><strong><em>βασιλίδης</em></strong></span> <span class='ocrx_word' id='word_1_314' title='bbox 939 3461 1047 3534; x_wconf 79' lang='grc' dir='ltr'><strong><em>πολλάς</em></strong></span> <span class='ocrx_word' id='word_1_315' title='bbox 1066 3460 1234 3544; x_wconf 71' lang='grc' dir='ltr'><strong><em>ἀντιρρίσεις</em></strong></span> <span class='ocrx_word' id='word_1_316' title='bbox 1251 3461 1291 3534; x_wconf 82' lang='grc' dir='ltr'><strong>εἰς</strong></span> <span class='ocrx_word' id='word_1_317' title='bbox 1303 3461 1337 3527; x_wconf 85' lang='grc' dir='ltr'><strong><em>τὸ</em></strong></span> <span class='ocrx_word' id='word_1_318' title='bbox 1357 3487 1427 3526; x_wconf 91' lang='grc' dir='ltr'><strong><em>...ον</em></strong></span> <span class='ocrx_word' id='word_1_319' title='bbox 1445 3465 1494 3545; x_wconf 84' lang='grc' dir='ltr'><strong><em>τῆς</em></strong></span> <span class='ocrx_word' id='word_1_320' title='bbox 1511 3461 1641 3546; x_wconf 76' lang='grc' dir='ltr'><strong><em>γενεσεως</em></strong></span> <span class='ocrx_word' id='word_1_321' title='bbox 1658 3470 1773 3544; x_wconf 79' lang='grc' dir='ltr'><strong><em>χορεῖον</em></strong></span> <span class='ocrx_word' id='word_1_322' title='bbox 1787 3459 1868 3524; x_wconf 81' lang='grc' dir='ltr'><strong><em>εἶπεν.</em></strong></span> <span class='ocrx_word' id='word_1_323' title='bbox 1911 3457 1941 3522; x_wconf 86' lang='grc' dir='ltr'>Ε</span> <span class='ocrx_word' id='word_1_324' title='bbox 1957 3467 2008 3524; x_wconf 90' lang='lat' dir='ltr'><strong>cst</strong></span> 
     </span>
     <span class='ocr_line' id='line_1_23' title="bbox 358 3581 2007 3673; baseline -0.001 -22"><span class='ocrx_word' id='word_1_325' title='bbox 358 3581 390 3671; x_wconf 78' lang='grc' dir='ltr'><strong>ἧς</strong></span> <span class='ocrx_word' id='word_1_326' title='bbox 403 3587 487 3672; x_wconf 83' lang='grc' dir='ltr'><strong><em>μάνης</em></strong></span> <span class='ocrx_word' id='word_1_327' title='bbox 501 3587 649 3672; x_wconf 73' lang='grc' dir='ltr'><strong><em>ἐπιβαίνειν</em></strong></span> <span class='ocrx_word' id='word_1_328' title='bbox 663 3596 696 3651; x_wconf 85' lang='lat' dir='ltr'><strong>et</strong></span> <span class='ocrx_word' id='word_1_329' title='bbox 710 3607 786 3673; x_wconf 84' lang='lat' dir='ltr'><strong>pag.</strong></span> <span class='ocrx_word' id='word_1_330' title='bbox 802 3587 875 3652; x_wconf 84' lang='lat'>851.</span> <span class='ocrx_word' id='word_1_331' title='bbox 889 3583 922 3650; x_wconf 88' lang='lat' dir='ltr'>A</span> <span class='ocrx_word' id='word_1_332' title='bbox 935 3587 1083 3673; x_wconf 88' lang='lat' dir='ltr'><strong>pergitur</strong></span> <span class='ocrx_word' id='word_1_333' title='bbox 1098 3589 1166 3672; x_wconf 86' lang='grc' dir='ltr'><strong><em>ἀσφ.</em></strong></span> <span class='ocrx_word' id='word_1_334' title='bbox 1180 3588 1245 3661; x_wconf 79' lang='grc' dir='ltr'><strong><em>τοὺς</em></strong></span> <span class='ocrx_word' id='word_1_335' title='bbox 1258 3587 1308 3671; x_wconf 79' lang='grc' dir='ltr'><strong>τὴν</strong></span> <span class='ocrx_word' id='word_1_336' title='bbox 1323 3588 1378 3664; x_wconf 73' lang='grc' dir='ltr'><strong><em>ε’ξιν</em></strong></span> <span class='ocrx_word' id='word_1_337' title='bbox 1392 3588 1577 3670; x_wconf 67' lang='lat' dir='ltr'><strong>relambere.</strong></span> <span class='ocrx_word' id='word_1_338' title='bbox 1606 3583 1734 3650; x_wconf 83' lang='lat' dir='ltr'><strong>Ibidem</strong></span> <span class='ocrx_word' id='word_1_339' title='bbox 1750 3593 1800 3649; x_wconf 85' lang='lat' dir='ltr'><strong>est</strong></span> <span class='ocrx_word' id='word_1_340' title='bbox 1813 3596 1873 3658; x_wconf 82' lang='grc' dir='ltr'><strong><em>τοῖς</em></strong></span> <span class='ocrx_word' id='word_1_341' title='bbox 1886 3583 2007 3659; x_wconf 78' lang='grc' dir='ltr'><strong><em>ἁπαλοῖς</em></strong></span> 
     </span>
     <span class='ocr_line' id='line_1_24' title="bbox 359 3711 2007 3798; baseline -0.001 -20"><span class='ocrx_word' id='word_1_342' title='bbox 359 3714 416 3780; x_wconf 78' lang='grc' dir='ltr'><strong><em>ἔστι</em></strong></span> <span class='ocrx_word' id='word_1_343' title='bbox 434 3723 467 3778; x_wconf 85' lang='lat' dir='ltr'><strong>et</strong></span> <span class='ocrx_word' id='word_1_344' title='bbox 485 3715 685 3798; x_wconf 81' lang='grc' dir='ltr'><strong><em>πειθανοτίρα.</em></strong></span> <span class='ocrx_word' id='word_1_345' title='bbox 728 3711 783 3777; x_wconf 85' lang='lat' dir='ltr'><strong>Ad</strong></span> <span class='ocrx_word' id='word_1_346' title='bbox 802 3713 851 3796; x_wconf 74' lang='grc' dir='ltr'><strong><em>ε’μίγ</em></strong></span> <span class='ocrx_word' id='word_1_347' title='bbox 870 3713 924 3798; x_wconf 89' lang='grc' dir='ltr'><strong>γάρ</strong></span> <span class='ocrx_word' id='word_1_348' title='bbox 942 3721 1087 3777; x_wconf 85' lang='lat' dir='ltr'><strong>notatur:</strong></span> <span class='ocrx_word' id='word_1_349' title='bbox 1111 3713 1160 3798; x_wconf 77' lang='grc' dir='ltr'><strong>ἐμὴ</strong></span> <span class='ocrx_word' id='word_1_350' title='bbox 1178 3711 1267 3798; x_wconf 79' lang='grc' dir='ltr'><strong>γὰρὴ</strong></span> <span class='ocrx_word' id='word_1_351' title='bbox 1289 3719 1339 3780; x_wconf 79' lang='grc' dir='ltr'><strong><em>τοῦ</em></strong></span> <span class='ocrx_word' id='word_1_352' title='bbox 1359 3713 1550 3798; x_wconf 85' lang='grc' dir='ltr'><strong><em>προπάτορος·</em></strong></span> <span class='ocrx_word' id='word_1_353' title='bbox 1572 3712 1631 3778; x_wconf 74' lang='lat' dir='ltr'><strong>leot</strong></span> <span class='ocrx_word' id='word_1_354' title='bbox 1648 3711 1666 3796; x_wconf 76' lang='grc' dir='ltr'><em>ἡ</em></span> <span class='ocrx_word' id='word_1_355' title='bbox 1684 3711 1793 3778; x_wconf 78' lang='grc' dir='ltr'><strong><em>διάνοια</em></strong></span> <span class='ocrx_word' id='word_1_356' title='bbox 1812 3711 2007 3795; x_wconf 65' lang='lat' dir='ltr'><strong>camalerica]</strong></span> 
     </span>
     <span class='ocr_line' id='line_1_25' title="bbox 358 3837 2007 3926; baseline -0.002 -18"><span class='ocrx_word' id='word_1_357' title='bbox 358 3841 478 3926; x_wconf 87' lang='grc' dir='ltr'><strong><em>πατρός·</em></strong></span> <span class='ocrx_word' id='word_1_358' title='bbox 500 3837 543 3908; x_wconf 79' lang='grc' dir='ltr'><strong>δτι</strong></span> <span class='ocrx_word' id='word_1_359' title='bbox 561 3839 600 3906; x_wconf 80' lang='lat' dir='ltr'><strong>roi</strong></span> <span class='ocrx_word' id='word_1_360' title='bbox 619 3845 669 3907; x_wconf 78' lang='grc' dir='ltr'><strong><em>τοῦ</em></strong></span> <span class='ocrx_word' id='word_1_361' title='bbox 688 3841 767 3923; x_wconf 85' lang='grc' dir='ltr'><strong><em>άδιὶμ</em></strong></span> <span class='ocrx_word' id='word_1_362' title='bbox 785 3841 881 3924; x_wconf 85' lang='grc' dir='ltr'><strong>..ρός..</strong></span> <span class='ocrx_word' id='word_1_363' title='bbox 900 3839 933 3906; x_wconf 84' lang='grc' dir='ltr'><strong><em>τὸ</em></strong></span> <span class='ocrx_word' id='word_1_364' title='bbox 952 3841 1029 3924; x_wconf 76' lang='grc' dir='ltr'><strong><em>γένος</em></strong></span> <span class='ocrx_word' id='word_1_365' title='bbox 1046 3843 1129 3906; x_wconf 78' lang='grc' dir='ltr'><strong><em>τοῦτο</em></strong></span> <span class='ocrx_word' id='word_1_366' title='bbox 1147 3851 1307 3924; x_wconf 85' lang='grc' dir='ltr'><strong><em>παρατηρεῖ</em></strong></span> <span class='ocrx_word' id='word_1_367' title='bbox 1324 3841 1353 3905; x_wconf 76' lang='grc' dir='ltr'><strong>ἐν</strong></span> <span class='ocrx_word' id='word_1_368' title='bbox 1372 3845 1466 3906; x_wconf 80' lang='grc' dir='ltr'><strong><em>πᾶσιν.</em></strong></span> <span class='ocrx_word' id='word_1_369' title='bbox 1515 3839 1599 3904; x_wconf 92' lang='lat' dir='ltr'><strong>Item</strong></span> <span class='ocrx_word' id='word_1_370' title='bbox 1618 3837 1661 3902; x_wconf 91' lang='lat' dir='ltr'><strong>ad</strong></span> <span class='ocrx_word' id='word_1_371' title='bbox 1679 3837 1786 3922; x_wconf 65' lang='grc' dir='ltr'><strong><em>σάρκας</em></strong></span> <span class='ocrx_word' id='word_1_372' title='bbox 1811 3837 1931 3922; x_wconf 74' lang='grc' dir='ltr'><strong><em>ζητήσεις</em></strong></span> <span class='ocrx_word' id='word_1_373' title='bbox 1944 3863 2007 3913; x_wconf 88' lang='grc' dir='ltr'><strong><em>πως</em></strong></span> 
     </span>
     <span class='ocr_line' id='line_1_26' title="bbox 360 3961 2005 4054; baseline -0.001 -22"><span class='ocrx_word' id='word_1_374' title='bbox 360 3963 421 4054; x_wconf 82' lang='lat' dir='ltr'><strong>(ita</strong></span> <span class='ocrx_word' id='word_1_375' title='bbox 438 3963 582 4053; x_wconf 82' lang='lat' dir='ltr'><strong>videtur)</strong></span> <span class='ocrx_word' id='word_1_376' title='bbox 603 3965 653 4052; x_wconf 73' lang='grc' dir='ltr'><strong>ἤδη</strong></span> <span class='ocrx_word' id='word_1_377' title='bbox 672 3966 758 4032; x_wconf 78' lang='grc' dir='ltr'><strong><em>εἰπάν</em></strong></span> <span class='ocrx_word' id='word_1_378' title='bbox 777 3967 863 4042; x_wconf 79' lang='grc' dir='ltr'><strong><em>αὐτὸς</em></strong></span> <span class='ocrx_word' id='word_1_379' title='bbox 882 3961 1039 4052; x_wconf 85' lang='lat' dir='ltr'><strong>(videtur)</strong></span> <span class='ocrx_word' id='word_1_380' title='bbox 1060 3965 1153 4050; x_wconf 81' lang='grc' dir='ltr'><strong><em>σάρκα</em></strong></span> <span class='ocrx_word' id='word_1_381' title='bbox 1167 3965 1215 4032; x_wconf 77' lang='grc' dir='ltr'><strong><em>καί</em></strong></span> <span class='ocrx_word' id='word_1_382' title='bbox 1228 3971 1337 4050; x_wconf 77' lang='grc' dir='ltr'><strong><em>πνεῦμα</em></strong></span> <span class='ocrx_word' id='word_1_383' title='bbox 1350 3964 1398 4032; x_wconf 77' lang='grc' dir='ltr'><strong><em>καὶ</em></strong></span> <span class='ocrx_word' id='word_1_384' title='bbox 1412 3967 1475 4050; x_wconf 76' lang='grc' dir='ltr'><strong><em>ἑξῆς</em></strong></span> <span class='ocrx_word' id='word_1_385' title='bbox 1490 3961 1657 4052; x_wconf 85' lang='lat' dir='ltr'><strong>(videtur),</strong></span> <span class='ocrx_word' id='word_1_386' title='bbox 1672 3971 1720 4032; x_wconf 74' lang='lat' dir='ltr'><strong>sair</strong></span> <span class='ocrx_word' id='word_1_387' title='bbox 1734 3967 1912 4049; x_wconf 86' lang='grc' dir='ltr'><strong><em>δερματίνους</em></strong></span> <span class='ocrx_word' id='word_1_388' title='bbox 1923 3971 2005 4050; x_wconf 78' lang='grc' dir='ltr'><strong><em>χιτῶ-</em></strong></span> 
     </span>
     <span class='ocr_line' id='line_1_27' title="bbox 357 4091 2005 4180; baseline 0 -20"><span class='ocrx_word' id='word_1_389' title='bbox 357 4122 410 4170; x_wconf 85' lang='grc' dir='ltr'><strong>νας</strong></span> <span class='ocrx_word' id='word_1_390' title='bbox 427 4092 475 4159; x_wconf 78' lang='grc' dir='ltr'><strong><em>καὶ</em></strong></span> <span class='ocrx_word' id='word_1_391' title='bbox 494 4096 654 4178; x_wconf 77' lang='grc' dir='ltr'><strong><em>παχεπεραν</em></strong></span> <span class='ocrx_word' id='word_1_392' title='bbox 671 4093 765 4178; x_wconf 82' lang='grc' dir='ltr'><strong><em>σάρκα</em></strong></span> <span class='ocrx_word' id='word_1_393' title='bbox 783 4091 866 4178; x_wconf 74' lang='grc' dir='ltr'><strong><em>φησίν</em></strong></span> <span class='ocrx_word' id='word_1_394' title='bbox 885 4093 1057 4159; x_wconf 72' lang='grc' dir='ltr'><strong><em>ἐνδεδύσθαι</em></strong></span> <span class='ocrx_word' id='word_1_395' title='bbox 1099 4093 1183 4158; x_wconf 87' lang='lat' dir='ltr'><strong>Item</strong></span> <span class='ocrx_word' id='word_1_396' title='bbox 1197 4092 1241 4158; x_wconf 85' lang='lat' dir='ltr'><strong>ed</strong></span> <span class='ocrx_word' id='word_1_397' title='bbox 1255 4091 1322 4167; x_wconf 78' lang='grc' dir='ltr'><strong><em>ἴσως</em></strong></span> <span class='ocrx_word' id='word_1_398' title='bbox 1336 4091 1425 4180; x_wconf 90' lang='lat' dir='ltr'><strong>quod</strong></span> <span class='ocrx_word' id='word_1_399' title='bbox 1439 4091 1620 4180; x_wconf 81' lang='lat' dir='ltr'><strong>praecedIt:</strong></span> <span class='ocrx_word' id='word_1_400' title='bbox 1644 4092 1774 4159; x_wconf 73' lang='grc' dir='ltr'><strong><em>ἐκόλασεν</em></strong></span> <span class='ocrx_word' id='word_1_401' title='bbox 1792 4093 1862 4160; x_wconf 70' lang='lat' dir='ltr'><strong>abab</strong></span> <span class='ocrx_word' id='word_1_402' title='bbox 1880 4092 2005 4178; x_wconf 69' lang='grc' dir='ltr'><strong><em>ὁπατηρ</em></strong></span> 
     </span>
     <span class='ocr_line' id='line_1_28' title="bbox 357 4217 2005 4306; baseline 0 -20"><span class='ocrx_word' id='word_1_403' title='bbox 357 4219 406 4286; x_wconf 77' lang='grc' dir='ltr'><strong><em>καὶ</em></strong></span> <span class='ocrx_word' id='word_1_404' title='bbox 426 4222 475 4288; x_wconf 75' lang='grc' dir='ltr'><strong>οὐκ</strong></span> <span class='ocrx_word' id='word_1_405' title='bbox 495 4221 660 4305; x_wconf 65' lang='grc' dir='ltr'><strong><em>ἀπεφάνατο</em></strong></span> <span class='ocrx_word' id='word_1_406' title='bbox 678 4220 764 4286; x_wconf 71' lang='grc' dir='ltr'><strong><em>εἰπάν</em></strong></span> <span class='ocrx_word' id='word_1_407' title='bbox 782 4221 815 4288; x_wconf 83' lang='grc' dir='ltr'><strong><em>τὸ</em></strong></span> <span class='ocrx_word' id='word_1_408' title='bbox 835 4217 914 4295; x_wconf 74' lang='grc' dir='ltr'><strong><em>ἴσως·</em></strong></span> <span class='ocrx_word' id='word_1_409' title='bbox 936 4225 1030 4294; x_wconf 59' lang='grc' dir='ltr'><strong><em>καλῶς</em></strong></span> <span class='ocrx_word' id='word_1_410' title='bbox 1047 4219 1078 4286; x_wconf 80' lang='grc' dir='ltr'><strong>δὲ</strong></span> <span class='ocrx_word' id='word_1_411' title='bbox 1095 4221 1170 4286; x_wconf 75' lang='grc' dir='ltr'><strong><em>εἶπεν</em></strong></span> <span class='ocrx_word' id='word_1_412' title='bbox 1187 4220 1237 4304; x_wconf 76' lang='grc' dir='ltr'><strong>τὴν</strong></span> <span class='ocrx_word' id='word_1_413' title='bbox 1255 4220 1426 4305; x_wconf 74' lang='grc' dir='ltr'><strong><em>παχυτέραν·</em></strong></span> <span class='ocrx_word' id='word_1_414' title='bbox 1449 4221 1503 4305; x_wconf 82' lang='grc' dir='ltr'><strong><em>εἶχε</em></strong></span> <span class='ocrx_word' id='word_1_415' title='bbox 1521 4220 1576 4306; x_wconf 89' lang='grc' dir='ltr'><strong>γάρ</strong></span> <span class='ocrx_word' id='word_1_416' title='bbox 1594 4219 1611 4287; x_wconf 84' lang='grc' dir='ltr'><strong>ὁ</strong></span> <span class='ocrx_word' id='word_1_417' title='bbox 1629 4219 1707 4304; x_wconf 88' lang='grc' dir='ltr'><strong>ἀδάμ</strong></span> <span class='ocrx_word' id='word_1_418' title='bbox 1725 4217 1773 4286; x_wconf 78' lang='grc' dir='ltr'><strong><em>καὶ</em></strong></span> <span class='ocrx_word' id='word_1_419' title='bbox 1792 4217 1857 4304; x_wconf 77' lang='grc' dir='ltr'><strong><em>πρὶν</em></strong></span> <span class='ocrx_word' id='word_1_420' title='bbox 1872 4219 2005 4304; x_wconf 80' lang='grc' dir='ltr'><strong><em>ἁμαρτεῖν</em></strong></span> 
     </span>
     <span class='ocr_line' id='line_1_29' title="bbox 359 4343 2004 4434; baseline 0 -22"><span class='ocrx_word' id='word_1_421' title='bbox 359 4344 531 4434; x_wconf 85' lang='lat' dir='ltr'><strong>(scriptum</strong></span> <span class='ocrx_word' id='word_1_422' title='bbox 554 4355 605 4412; x_wconf 85' lang='lat' dir='ltr'><strong>est</strong></span> <span class='ocrx_word' id='word_1_423' title='bbox 626 4343 705 4434; x_wconf 66' lang='grc' dir='ltr'><strong><em>πεῖ)</em></strong></span> <span class='ocrx_word' id='word_1_424' title='bbox 727 4347 831 4432; x_wconf 83' lang='grc' dir='ltr'><strong><em>σάρκα·</em></strong></span> <span class='ocrx_word' id='word_1_425' title='bbox 851 4347 910 4415; x_wconf 85' lang='grc' dir='ltr'><strong><em>ἀλλ’</em></strong></span> <span class='ocrx_word' id='word_1_426' title='bbox 932 4347 1042 4414; x_wconf 55' lang='grc' dir='ltr'><strong>οὖα...</strong></span> <span class='ocrx_word' id='word_1_427' title='bbox 1072 4347 1153 4432; x_wconf 83' lang='lat' dir='ltr'><strong>Peg.</strong></span> <span class='ocrx_word' id='word_1_428' title='bbox 1169 4347 1241 4413; x_wconf 80' lang='grc'><strong>851.</strong></span> <span class='ocrx_word' id='word_1_429' title='bbox 1256 4346 1286 4412; x_wconf 84' lang='grc' dir='ltr'>Ε</span> <span class='ocrx_word' id='word_1_430' title='bbox 1306 4355 1357 4412; x_wconf 89' lang='lat' dir='ltr'><strong>est</strong></span> <span class='ocrx_word' id='word_1_431' title='bbox 1373 4352 1423 4414; x_wconf 79' lang='grc' dir='ltr'><strong><em>τοῦ</em></strong></span> <span class='ocrx_word' id='word_1_432' title='bbox 1443 4347 1597 4432; x_wconf 81' lang='grc' dir='ltr'><strong><em>άρχετίπου</em></strong></span> <span class='ocrx_word' id='word_1_433' title='bbox 1610 4347 1739 4423; x_wconf 85' lang='grc' dir='ltr'><strong><em>κάλλους,</em></strong></span> <span class='ocrx_word' id='word_1_434' title='bbox 1762 4355 1795 4412; x_wconf 89' lang='lat' dir='ltr'><strong>et</strong></span> <span class='ocrx_word' id='word_1_435' title='bbox 1809 4348 1843 4410; x_wconf 92' lang='lat' dir='ltr'><strong>in</strong></span> <span class='ocrx_word' id='word_1_436' title='bbox 1857 4347 2004 4431; x_wconf 89' lang='lat' dir='ltr'><strong>margine</strong></span> 
     </span>
    </p>
   </div>
   <div class='ocr_carea' id='block_1_5' title="bbox 250 4474 1060 4560">
    <p class='ocr_par' dir='ltr' id='par_1_5' title="bbox 250 4474 1060 4560">
     <span class='ocr_line' id='line_1_30' title="bbox 250 4474 1060 4560; baseline -0.001 -20"><span class='ocrx_word' id='word_1_437' title='bbox 250 4483 252 4490; x_wconf 58' lang='lat'><strong>⁴</strong></span> <span class='ocrx_word' id='word_1_438' title='bbox 358 4474 545 4540; x_wconf 84' lang='lat' dir='ltr'><strong>adnotatur:</strong></span> <span class='ocrx_word' id='word_1_439' title='bbox 569 4474 718 4558; x_wconf 79' lang='grc' dir='ltr'><strong><em>ε’κτίπωμα</em></strong></span> <span class='ocrx_word' id='word_1_440' title='bbox 732 4478 859 4560; x_wconf 82' lang='grc' dir='ltr'><strong><em>σφραγίς,</em></strong></span> <span class='ocrx_word' id='word_1_441' title='bbox 873 4474 1060 4560; x_wconf 81' lang='grc' dir='ltr'><strong><em>ὑπογραμμάς.</em></strong></span> 
     </span>
    </p>
   </div>
   <div class='ocr_carea' id='block_1_6' title="bbox 354 4597 2064 5448">
    <p class='ocr_par' dir='ltr' id='par_1_6' title="bbox 354 4597 2064 5448">
     <span class='ocr_line' id='line_1_31' title="bbox 465 4597 2003 4688; baseline -0.001 -22"><span class='ocrx_word' id='word_1_442' title='bbox 465 4599 508 4666; x_wconf 79' lang='lat' dir='ltr'><strong>C:</strong></span> <span class='ocrx_word' id='word_1_443' title='bbox 531 4599 611 4666; x_wconf 87' lang='lat' dir='ltr'><strong>folia</strong></span> <span class='ocrx_word' id='word_1_444' title='bbox 628 4603 693 4666; x_wconf 89' lang='lat' dir='ltr'><strong>tria</strong></span> <span class='ocrx_word' id='word_1_445' title='bbox 711 4603 836 4668; x_wconf 89' lang='lat' dir='ltr'><strong>formae</strong></span> <span class='ocrx_word' id='word_1_446' title='bbox 855 4611 1003 4688; x_wconf 88' lang='lat' dir='ltr'><strong>quartae,</strong></span> <span class='ocrx_word' id='word_1_447' title='bbox 1025 4601 1139 4688; x_wconf 86' lang='lat' dir='ltr'><strong>quavis</strong></span> <span class='ocrx_word' id='word_1_448' title='bbox 1158 4603 1280 4688; x_wconf 86' lang='lat' dir='ltr'><strong>pagina</strong></span> <span class='ocrx_word' id='word_1_449' title='bbox 1293 4599 1335 4664; x_wconf 89' lang='grc'><strong>26</strong></span> <span class='ocrx_word' id='word_1_450' title='bbox 1349 4597 1500 4666; x_wconf 87' lang='lat' dir='ltr'><strong>versibus</strong></span> <span class='ocrx_word' id='word_1_451' title='bbox 1516 4600 1677 4666; x_wconf 88' lang='lat' dir='ltr'><strong>continuis</strong></span> <span class='ocrx_word' id='word_1_452' title='bbox 1694 4599 1833 4686; x_wconf 85' lang='lat' dir='ltr'><strong>scripta,</strong></span> <span class='ocrx_word' id='word_1_453' title='bbox 1855 4621 1921 4664; x_wconf 89' lang='lat' dir='ltr'><strong>una</strong></span> <span class='ocrx_word' id='word_1_454' title='bbox 1933 4608 2003 4665; x_wconf 91' lang='lat' dir='ltr'><strong>tan-</strong></span> 
     </span>
     <span class='ocr_line' id='line_1_32' title="bbox 357 4723 2003 4816; baseline -0.001 -22"><span class='ocrx_word' id='word_1_455' title='bbox 357 4737 426 4794; x_wconf 89' lang='lat' dir='ltr'><strong>tum</strong></span> <span class='ocrx_word' id='word_1_456' title='bbox 444 4725 488 4793; x_wconf 89' lang='lat' dir='ltr'><strong>ad</strong></span> <span class='ocrx_word' id='word_1_457' title='bbox 505 4728 670 4813; x_wconf 79' lang='lat' dir='ltr'><strong>margines</strong></span> <span class='ocrx_word' id='word_1_458' title='bbox 688 4726 775 4794; x_wconf 89' lang='lat' dir='ltr'><strong>linea</strong></span> <span class='ocrx_word' id='word_1_459' title='bbox 789 4729 896 4794; x_wconf 90' lang='lat' dir='ltr'><strong>ducta.</strong></span> <span class='ocrx_word' id='word_1_460' title='bbox 939 4729 1110 4816; x_wconf 77' lang='lat' dir='ltr'><strong>Scriptura</strong></span> <span class='ocrx_word' id='word_1_461' title='bbox 1123 4728 1281 4792; x_wconf 90' lang='lat' dir='ltr'><strong>maiorem</strong></span> <span class='ocrx_word' id='word_1_462' title='bbox 1296 4727 1423 4794; x_wconf 90' lang='lat' dir='ltr'><strong>duobus</strong></span> <span class='ocrx_word' id='word_1_463' title='bbox 1438 4727 1629 4813; x_wconf 80' lang='lat' dir='ltr'><strong>fragmentis</strong></span> <span class='ocrx_word' id='word_1_464' title='bbox 1643 4723 1675 4790; x_wconf 96' lang='lat' dir='ltr'>A</span> <span class='ocrx_word' id='word_1_465' title='bbox 1689 4725 1763 4791; x_wconf 91' lang='lat' dir='ltr'><strong>etB</strong></span> <span class='ocrx_word' id='word_1_466' title='bbox 1778 4726 2003 4812; x_wconf 87' lang='lat' dir='ltr'><strong>antiquitatem</strong></span> 
     </span>
     <span class='ocr_line' id='line_1_33' title="bbox 357 4851 2003 4942; baseline 0.001 -24"><span class='ocrx_word' id='word_1_467' title='bbox 357 4853 481 4942; x_wconf 84' lang='lat' dir='ltr'><strong>prodit3</strong></span> <span class='ocrx_word' id='word_1_468' title='bbox 502 4853 635 4920; x_wconf 86' lang='lat' dir='ltr'><strong>videtur</strong></span> <span class='ocrx_word' id='word_1_469' title='bbox 653 4855 792 4942; x_wconf 91' lang='lat' dir='ltr'><strong>septimo</strong></span> <span class='ocrx_word' id='word_1_470' title='bbox 812 4854 943 4922; x_wconf 85' lang='lat' dir='ltr'><strong>saeculo</strong></span> <span class='ocrx_word' id='word_1_471' title='bbox 962 4853 1181 4921; x_wconf 87' lang='lat' dir='ltr'><strong>adscribenda</strong></span> <span class='ocrx_word' id='word_1_472' title='bbox 1198 4876 1286 4920; x_wconf 90' lang='lat' dir='ltr'><strong>esse:</strong></span> <span class='ocrx_word' id='word_1_473' title='bbox 1314 4876 1397 4942; x_wconf 85' lang='lat' dir='ltr'><strong>quae</strong></span> <span class='ocrx_word' id='word_1_474' title='bbox 1417 4853 1548 4941; x_wconf 89' lang='lat' dir='ltr'><strong>quidem</strong></span> <span class='ocrx_word' id='word_1_475' title='bbox 1567 4855 1677 4940; x_wconf 91' lang='lat' dir='ltr'><strong>opinio</strong></span> <span class='ocrx_word' id='word_1_476' title='bbox 1698 4853 1797 4920; x_wconf 90' lang='lat' dir='ltr'><strong>etiam</strong></span> <span class='ocrx_word' id='word_1_477' title='bbox 1810 4851 2003 4940; x_wconf 87' lang='lat' dir='ltr'><strong>imperfecta</strong></span> 
     </span>
     <span class='ocr_line' id='line_1_34' title="bbox 356 4977 2001 5068; baseline -0.001 -22"><span class='ocrx_word' id='word_1_478' title='bbox 356 4983 528 5068; x_wconf 89' lang='lat' dir='ltr'><strong>spirituum</strong></span> <span class='ocrx_word' id='word_1_479' title='bbox 548 4990 581 5046; x_wconf 92' lang='lat' dir='ltr'><strong>et</strong></span> <span class='ocrx_word' id='word_1_480' title='bbox 599 4990 791 5046; x_wconf 87' lang='lat' dir='ltr'><strong>accentuum</strong></span> <span class='ocrx_word' id='word_1_481' title='bbox 810 4983 935 5048; x_wconf 89' lang='lat' dir='ltr'><strong>ratione</strong></span> <span class='ocrx_word' id='word_1_482' title='bbox 950 4982 1169 5048; x_wconf 86' lang='lat' dir='ltr'><strong>confirmatur.</strong></span> <span class='ocrx_word' id='word_1_483' title='bbox 1213 4981 1338 5046; x_wconf 87' lang='lat' dir='ltr'><strong>Textus</strong></span> <span class='ocrx_word' id='word_1_484' title='bbox 1353 4979 1396 5046; x_wconf 89' lang='lat' dir='ltr'><strong>ad</strong></span> <span class='ocrx_word' id='word_1_485' title='bbox 1411 4979 1493 5045; x_wconf 88' lang='lat' dir='ltr'><strong>duas</strong></span> <span class='ocrx_word' id='word_1_486' title='bbox 1508 4979 1658 5046; x_wconf 90' lang='lat' dir='ltr'><strong>homilias</strong></span> <span class='ocrx_word' id='word_1_487' title='bbox 1675 4979 1789 5046; x_wconf 89' lang='lat' dir='ltr'><strong>diebus</strong></span> <span class='ocrx_word' id='word_1_488' title='bbox 1803 4980 1896 5046; x_wconf 87' lang='lat' dir='ltr'><strong>festis</strong></span> <span class='ocrx_word' id='word_1_489' title='bbox 1906 4977 2001 5045; x_wconf 80' lang='lat' dir='ltr'><strong>liabi-</strong></span> 
     </span>
     <span class='ocr_line' id='line_1_35' title="bbox 356 5105 2003 5196; baseline -0.001 -22"><span class='ocrx_word' id='word_1_490' title='bbox 356 5117 406 5174; x_wconf 84' lang='lat' dir='ltr'><strong>tas</strong></span> <span class='ocrx_word' id='word_1_491' title='bbox 425 5110 581 5196; x_wconf 88' lang='lat' dir='ltr'><strong>pertinet:</strong></span> <span class='ocrx_word' id='word_1_492' title='bbox 606 5131 689 5196; x_wconf 89' lang='lat' dir='ltr'><strong>quae</strong></span> <span class='ocrx_word' id='word_1_493' title='bbox 709 5109 837 5173; x_wconf 88' lang='lat' dir='ltr'><strong>etiamsi</strong></span> <span class='ocrx_word' id='word_1_494' title='bbox 854 5110 920 5174; x_wconf 90' lang='lat' dir='ltr'><strong>iam</strong></span> <span class='ocrx_word' id='word_1_495' title='bbox 935 5107 1042 5174; x_wconf 89' lang='lat' dir='ltr'><strong>editae</strong></span> <span class='ocrx_word' id='word_1_496' title='bbox 1057 5110 1192 5192; x_wconf 88' lang='lat' dir='ltr'><strong>fuerint,</strong></span> <span class='ocrx_word' id='word_1_497' title='bbox 1215 5105 1303 5195; x_wconf 89' lang='lat' dir='ltr'><strong>quod</strong></span> <span class='ocrx_word' id='word_1_498' title='bbox 1316 5129 1382 5174; x_wconf 92' lang='lat' dir='ltr'><strong>non</strong></span> <span class='ocrx_word' id='word_1_499' title='bbox 1397 5108 1477 5172; x_wconf 88' lang='lat' dir='ltr'><strong>satis</strong></span> <span class='ocrx_word' id='word_1_500' title='bbox 1493 5107 1576 5191; x_wconf 88' lang='lat' dir='ltr'><strong>scio,</strong></span> <span class='ocrx_word' id='word_1_501' title='bbox 1599 5116 1708 5173; x_wconf 90' lang='lat' dir='ltr'><strong>tamen</strong></span> <span class='ocrx_word' id='word_1_502' title='bbox 1723 5105 1805 5170; x_wconf 89' lang='lat' dir='ltr'><strong>haec</strong></span> <span class='ocrx_word' id='word_1_503' title='bbox 1818 5106 2003 5192; x_wconf 83' lang='lat' dir='ltr'><strong>fragmenta</strong></span> 
     </span>
     <span class='ocr_line' id='line_1_36' title="bbox 354 5229 2064 5324; baseline -0.003 -23"><span class='ocrx_word' id='word_1_504' title='bbox 354 5258 415 5324; x_wconf 90' lang='lat' dir='ltr'><strong>pro</strong></span> <span class='ocrx_word' id='word_1_505' title='bbox 436 5243 527 5301; x_wconf 85' lang='lat' dir='ltr'><strong>tanta</strong></span> <span class='ocrx_word' id='word_1_506' title='bbox 550 5236 750 5322; x_wconf 83' lang='lat' dir='ltr'><strong>antiquitatis</strong></span> <span class='ocrx_word' id='word_1_507' title='bbox 772 5233 869 5300; x_wconf 89' lang='lat' dir='ltr'><strong>laude</strong></span> <span class='ocrx_word' id='word_1_508' title='bbox 891 5234 992 5320; x_wconf 86' lang='lat' dir='ltr'><strong>digna</strong></span> <span class='ocrx_word' id='word_1_509' title='bbox 1011 5235 1164 5301; x_wconf 89' lang='lat' dir='ltr'><strong>videntur</strong></span> <span class='ocrx_word' id='word_1_510' title='bbox 1187 5257 1270 5322; x_wconf 89' lang='lat' dir='ltr'><strong>quae</strong></span> <span class='ocrx_word' id='word_1_511' title='bbox 1289 5234 1384 5321; x_wconf 89' lang='lat' dir='ltr'><strong>plene</strong></span> <span class='ocrx_word' id='word_1_512' title='bbox 1402 5232 1686 5300; x_wconf 86' lang='lat' dir='ltr'><strong>transscribamus.</strong></span> <span class='ocrx_word' id='word_1_513' title='bbox 1729 5229 1802 5298; x_wconf 84' lang='lat' dir='ltr'><strong>Fol.</strong></span> <span class='ocrx_word' id='word_1_514' title='bbox 1823 5234 1856 5298; x_wconf 91' lang='lat' dir='ltr'><strong>l:</strong></span> <span class='ocrx_word' id='word_1_515' title='bbox 1885 5244 1924 5299; x_wconf 83' lang='grc' dir='ltr'><strong>θε</strong></span> <span class='ocrx_word' id='word_1_516' title='bbox 1941 5259 2002 5319; x_wconf 87' lang='grc' dir='ltr'><strong>παρ</strong></span> <span class='ocrx_word' id='word_1_517' title='bbox 2061 5289 2064 5296; x_wconf 88' lang='grc'><strong>.</strong></span> 
     </span>
     <span class='ocr_line' id='line_1_37' title="bbox 356 5352 2002 5448; baseline -0.002 -18"><span class='ocrx_word' id='word_1_518' title='bbox 356 5369 449 5430; x_wconf 83' lang='grc' dir='ltr'><strong><em>αυτοῦ.</em></strong></span> <span class='ocrx_word' id='word_1_519' title='bbox 470 5367 532 5437; x_wconf 73' lang='grc' dir='ltr'><strong><em>πῶς</em></strong></span> <span class='ocrx_word' id='word_1_520' title='bbox 556 5357 616 5448; x_wconf 84' lang='lat' dir='ltr'><strong>(ita</strong></span> <span class='ocrx_word' id='word_1_521' title='bbox 634 5357 777 5448; x_wconf 87' lang='lat' dir='ltr'><strong>videtur)</strong></span> <span class='ocrx_word' id='word_1_522' title='bbox 799 5365 984 5428; x_wconf 85' lang='grc' dir='ltr'><strong><em>θεοδίδακτον</em></strong></span> <span class='ocrx_word' id='word_1_523' title='bbox 1005 5363 1131 5448; x_wconf 80' lang='grc' dir='ltr'><strong><em>κηρίσσει</em></strong></span> <span class='ocrx_word' id='word_1_524' title='bbox 1151 5361 1201 5448; x_wconf 75' lang='grc' dir='ltr'><strong>τὴν</strong></span> <span class='ocrx_word' id='word_1_525' title='bbox 1223 5367 1280 5429; x_wconf 77' lang='grc' dir='ltr'><strong>τῶν</strong></span> <span class='ocrx_word' id='word_1_526' title='bbox 1300 5365 1401 5428; x_wconf 75' lang='grc' dir='ltr'><strong><em>τέκνων</em></strong></span> <span class='ocrx_word' id='word_1_527' title='bbox 1423 5361 1499 5447; x_wconf 73' lang='grc' dir='ltr'><strong><em>ιἰμων</em></strong></span> <span class='ocrx_word' id='word_1_528' title='bbox 1521 5361 1602 5446; x_wconf 74' lang='grc' dir='ltr'><strong><em>ἀδὴν.</em></strong></span> <span class='ocrx_word' id='word_1_529' title='bbox 1624 5360 1664 5435; x_wconf 77' lang='grc' dir='ltr'><strong>ὡς</strong></span> <span class='ocrx_word' id='word_1_530' title='bbox 1684 5386 1732 5426; x_wconf 90' lang='grc' dir='ltr'><strong>και</strong></span> <span class='ocrx_word' id='word_1_531' title='bbox 1752 5359 1768 5427; x_wconf 87' lang='grc' dir='ltr'><strong>ὁ</strong></span> <span class='ocrx_word' id='word_1_532' title='bbox 1788 5359 1925 5445; x_wconf 84' lang='grc' dir='ltr'><strong><em>μακάριος</em></strong></span> <span class='ocrx_word' id='word_1_533' title='bbox 1946 5352 2002 5427; x_wconf 55' lang='lat' dir='ltr'><strong>ded</strong></span> 
     </span>
    </p>
   </div>
   <div class='ocr_carea' id='block_1_7' title="bbox 237 5485 2001 5574">
    <p class='ocr_par' dir='ltr' id='par_1_7' title="bbox 237 5485 2001 5574">
     <span class='ocr_line' id='line_1_38' title="bbox 237 5485 2001 5574; baseline -0.001 -19"><span class='ocrx_word' id='word_1_534' title='bbox 237 5549 240 5555; x_wconf 92' lang='lat'>.</span> <span class='ocrx_word' id='word_1_535' title='bbox 356 5489 537 5574; x_wconf 66' lang='grc' dir='ltr'><strong><em>προοοηρυξεν</em></strong></span> <span class='ocrx_word' id='word_1_536' title='bbox 558 5491 656 5574; x_wconf 63' lang='grc' dir='ltr'><strong><em>λέγων’</em></strong></span> <span class='ocrx_word' id='word_1_537' title='bbox 681 5515 711 5554; x_wconf 84' lang='grc' dir='ltr'><strong>εκ</strong></span> <span class='ocrx_word' id='word_1_538' title='bbox 732 5513 871 5574; x_wconf 82' lang='grc' dir='ltr'><strong><em>ονοματος</em></strong></span> <span class='ocrx_word' id='word_1_539' title='bbox 891 5491 996 5574; x_wconf 84' lang='grc' dir='ltr'><strong><em>νηπίων</em></strong></span> <span class='ocrx_word' id='word_1_540' title='bbox 1018 5517 1066 5556; x_wconf 86' lang='grc' dir='ltr'><strong>και</strong></span> <span class='ocrx_word' id='word_1_541' title='bbox 1086 5489 1269 5574; x_wconf 77' lang='grc' dir='ltr'><strong><em>θηλαζόντων</em></strong></span> <span class='ocrx_word' id='word_1_542' title='bbox 1290 5491 1446 5574; x_wconf 82' lang='grc' dir='ltr'><strong><em>κατηρτίσω</em></strong></span> <span class='ocrx_word' id='word_1_543' title='bbox 1469 5489 1557 5554; x_wconf 73' lang='grc' dir='ltr'><strong><em>αἶνον·</em></strong></span> <span class='ocrx_word' id='word_1_544' title='bbox 1604 5488 1647 5553; x_wconf 89' lang='lat' dir='ltr'><strong>’H</strong></span> <span class='ocrx_word' id='word_1_545' title='bbox 1663 5489 1755 5554; x_wconf 77' lang='grc' dir='ltr'><strong><em>τοίνυν</em></strong></span> <span class='ocrx_word' id='word_1_546' title='bbox 1776 5485 1826 5572; x_wconf 74' lang='grc' dir='ltr'><strong>τὴν</strong></span> <span class='ocrx_word' id='word_1_547' title='bbox 1847 5488 2001 5572; x_wconf 69' lang='lat' dir='ltr'><strong>einamma</strong></span> 
     </span>
    </p>
   </div>
   <div class='ocr_carea' id='block_1_8' title="bbox 0 0 2626 6616">
    <p class='ocr_par' dir='ltr' id='par_1_8' title="bbox 0 0 2626 6616">
     <span class='ocr_line' id='line_1_39' title="bbox 0 0 2626 6616; baseline 0 0"><span class='ocrx_word' id='word_1_548' title='bbox 0 0 2626 6616; x_wconf 95' lang='lat' dir='ltr'><strong> </strong></span> 
     </span>
    </p>
   </div>
  </div>
 </body>
</html>
