5244 6618
601 695 621 758 2
1239 695 1419 760 CODICES
1442 696 1612 758 GRAECI.

604 899 718 984 (Ινογοίρ.
749 897 800 980 33,
815 899 845 962 3.
856 897 1011 982 Ῥαμασσῆ.
1034 895 1108 961 Ηοσ
1123 919 1199 963 cum
1213 897 1282 963 solo
1295 899 1471 984 interprete
1481 896 1587 984 Copto
1601 919 1771 962 commune
1783 895 1882 962 habet
1893 919 1954 983 pro
1967 895 2095 982 vulgari
2109 893 2248 960 lectione

599 1025 744 1110 Ῥαμεσσῆ.
787 1024 964 1090 Praeterea
979 1023 1084 1090 codex
1098 1033 1211 1090 noster
1234 1025 1372 1110 insignis
1396 1033 1446 1090 est
1469 1021 1502 1112 l)
1523 1023 1636 1089 eadem
1659 1045 1723 1109 qua
1742 1021 1835 1088 Alex.
1856 1023 1961 1089 codex
1981 1023 2164 1088 constantia
2183 1023 2249 1088 for·

600 1175 727 1218 marum
747 1153 974 1237 grammatices
993 1149 1245 1234 Alexandrinae,
1267 1161 1303 1216 ut
1321 1160 1480 1236 λγμψομα,
1503 1177 1720 1234 πεσσεροικονππ,
1739 1157 1902 1236 ote-opaea.
1925 1147 1959 1237 2)
1979 1152 2146 1216 notatione
2162 1150 2249 1236 capi·

601 1289 671 1344 tum
691 1301 844 1344 unacum
860 1278 1060 1364 argumentis
1080 1279 1115 1342 iu
1130 1281 1276 1361 margine
1292 1280 1452 1365 apposita.
1497 1278 1590 1360 Quae
1607 1279 1727 1364 capita,
1749 1279 1827 1342 satis
1844 1279 1976 1343 diversa
1991 1277 2032 1342 ab
2047 1301 2109 1343 usu
2125 1276 2248 1341 codicis

603 1403 739 1470 Coisld.
757 1401 812 1490 (cf.
828 1404 1054 1469 Montfaucon:
1076 1403 1231 1470 Biblioth.
1250 1403 1350 1469 Ooisl.
1366 1429 1397 1492 p.
1416 1403 1454 1469 18
1470 1401 1569 1491 sqq),
1587 1403 1829 1469 similitudinem
1853 1405 1974 1470 habeut
1996 1427 2107 1469 eorum
2131 1401 2248 1490 quibus

602 1531 821 1598 Tertullianus
841 1555 920 1596 usus
941 1527 1045 1618 est*).
1072 1529 1106 1617 3)
1127 1555 1262 1597 numero
1283 1531 1461 1596 stichorum
1481 1533 1514 1596 in
1532 1531 1597 1597 fine
1617 1529 1692 1595 libri
1710 1531 1832 1596 addito.
1858 1530 1893 1618 4)
1915 1531 2098 1619 subscripto
2118 1531 2248 1595 nominc

601 1657 726 1725 librarii
748 1687 866 1725 οωοιννοο
887 1687 1010 1744 μοναχοο
1032 1686 1146 1743 σεργιοο.
1185 1648 1283 1724 ¹Nota
1302 1658 1472 1745 ejusmodi,
1497 1658 1583 1744 quod
1604 1661 1715 1742 sciam,
1738 1681 1779 1723 ex
1798 1658 1886 1724 nullo
1907 1637 1970 1723 alio
1986 1668 2094 1724 tantae
2111 1659 2246 1743 antiqui·

601 1791 677 1852 tatis
700 1787 813 1852 codice
835 1787 989 1869 innotuit3
1013 1785 1167 1850 docemur
1187 1785 1277 1869 inde,
1303 1785 1433 1851 codices
1456 1795 1547 1850 tanta
1566 1785 1746 1850 litterarum
1769 1785 2064 1851 Alexandrinarum
2088 1785 2249 1868 elegantia

602 1915 798 2001 conspicuos
813 1935 878 1978 non
894 1935 914 1976 a
929 1911 1007 1976 solis
1024 1911 1231 2000 calligraphi·
1247 1912 1477 1978 Alexandrinis
1493 1914 1622 1978 exarari
1638 1911 1749 1978 solitos
1766 1937 1850 1978 esse.

706 2039 820 2105 Altera
835 2041 996 2126 scriptura
1010 2041 1129 2126 etipsa
1142 2039 1324 2106 uncialibus
1339 2039 1455 2104 litteris
1471 2049 1605 2105 exarata
1620 2049 1670 2104 est
1684 2041 1876 2128 videturque
1892 2041 1933 2105 ad
1947 2063 2068 2105 nonum
2082 2037 2248 2104 sacculum

601 2167 775 2233 referenda
797 2189 880 2232 esse.
927 2165 1080 2232 Continet
1100 2177 1167 2232 tres
1188 2165 1315 2232 libellos
1343 2169 1545 2253 patristicos:
1576 2170 1719 2253 primus,
1748 2168 1839 2256 cujus
1862 2169 1954 2232 initio
1979 2165 2139 2253 quaedam
2163 2166 2247 2230 desi-

603 2294 766 2378 derantur,
789 2295 889 2359 vitam
912 2293 1036 2358 Mariae
1051 2293 1274 2381 Aegyptiacae
1296 2295 1395 2359 tradit
1417 2317 1519 2381 usque
1542 2317 1616 2381 pag.
1638 2297 1693 2380 783
1725 2294 1807 2360 alter
1829 2319 1889 2382 per
1911 2317 2008 2381 pagg.
2024 2294 2066 2358 54
2087 2293 2247 2358 Johannis

601 2423 817 2487 Damascenis
836 2421 1003 2487 homiliam
1021 2423 1060 2495 εἰς
1077 2421 1110 2489 τὸ
1125 2425 1266 2506 γενέθλνον
1281 2425 1414 2504 Μαρίοιςς
1435 2423 1549 2486 tertius
1566 2414 1734 2508 hucusque
1749 2422 1889 2486 ineditus
1905 2423 2005 2488 vitam
2019 2421 2248 2508 Xenophontis

603 2559 636 2614 et
648 2549 772 2614 Mariae
788 2547 993 2635 filiorumque
1013 2569 1126 2614 eorum
1139 2547 1275 2614 Arcadii
1291 2559 1323 2612 et
1336 2547 1496 2614 Johaunis
1511 2569 1608 2634 pagg.
1624 2548 1676 2632 46,
1692 2551 1726 2614 in
1741 2549 1804 2614 fine
1819 2548 1961 2614 mutilus.
2006 2549 2130 2614 Textus
2146 2548 2247 2613 honri-

600 2675 664 2742 liae
678 2675 838 2742 Johanuis
853 2675 1066 2758 Damasceni,
1089 2675 1362 2762 quemadmodum
1381 2675 1424 2740 ad
1442 2675 1543 2741 libros
1564 2699 1641 2740 mss.
1662 2699 1682 2740 a
1696 2675 1843 2762 chuieu
1862 2675 1968 2740 editus
1989 2684 2052 2758 est,
2074 2685 2124 2740 sat
2139 2675 2247 2740 multis

602 2803 684 2868 locis
707 2825 725 2866 e
749 2812 861 2868 nostro
886 2803 999 2867 codice
1022 2803 1242 2868 emendandus
1267 2811 1326 2867 est.
1369 2803 1421 2870 Ita
1442 2825 1503 2890 pro
1526 2805 1556 2868 ἐκ
1577 2804 1663 2889 πυρὸς
1686 2809 1847 2877 ποθοῦντος
1867 2805 1901 2868 iu
1924 2803 2036 2868 codice
2057 2813 2107 2868 est
2126 2804 2249 2886 ἕκπίρως

603 2937 763 3003 ποθοῦντος
780 2928 828 2996 καὶ
846 2931 984 3016 cadmum,
1005 2953 1066 3017 pro
1086 2935 1148 3004 πῶς
1165 2931 1198 2996 πὸ
1216 2929 1368 3014 πρόσωπόν
1387 2957 1438 2998 σου
1456 2931 1488 3000 τὸ
1507 2933 1601 3015 χαριέν
1626 2929 1748 2995 ibidem
1768 2929 1888 3015 legitur
1906 2936 1967 3004 ari,-
1985 2935 2035 2996 τοῦ
2049 2931 2201 3014 προσώπου
2215 2932 2248 2998 τὸ

601 3060 708 3143 γαριέν,
728 3056 771 3122 ad
789 3055 891 3122 verba
911 3056 946 3124 orl
964 3059 1057 3142 ἱερέων
1074 3059 1202 3142 καύχημα
1217 3056 1322 3122 codex
1337 3056 1449 3122 addita
1463 3057 1562 3122 habet
1576 3061 1711 3142 βασολάον
1725 3059 1871 3142 στήριγμα,
1890 3059 1968 3122 item
1983 3055 2030 3124 aul
2046 3055 2089 3122 ael.
2102 3064 2249 3142 παρθένον

603 3183 646 3248 ad
665 3183 712 3250 aui
730 3183 802 3267 μετὰ
821 3185 902 3251 τόκον
919 3186 1073 3270 παρθένον,
1088 3206 1148 3270 pro
1164 3185 1197 3252 τὸ
1217 3182 1261 3250 ἐπὶ
1279 3195 1421 3268 μνγτρνκαῖς
1435 3185 1601 3268 φαινόμενον
1614 3182 1662 3250 καὶ
1676 3185 1795 3270 φοβερὸν
1809 3196 1872 3258 ταῖς
1886 3185 2090 3260 ducatorum}
2103 3185 2249 3268 ὄννάμεσιν

604 3311 710 3376 codex
727 3310 827 3376 habet
845 3313 878 3380 rb
898 3313 937 3378 ἔτι
953 3321 1096 3396 μηπραιαῖς
1114 3311 1249 3396 ἀγκάλας
1267 3313 1416 3396 patmos
1434 3310 1482 3377 καὶ
1501 3313 1619 3398 φοβερὸν
1637 3322 1701 3386 ταῖς
1721 3311 1821 3377 ἀποστ.
1840 3312 1947 3385 πάσαις
1964 3313 2069 3396 dorda,
2089 3334 2149 3398 pro
2168 3311 2200 3377 δι’
2217 3312 2249 3378 ὃν

602 3439 673 3522 πρὸς
694 3439 866 3523 α’ρχίφαντσν
889 3441 999 3522 πατέρα
1021 3439 1205 3524 προσαγωγὴν
1228 3439 1379 3524 ἐσχήκαμεν
1402 3438 1508 3503 codex
1533 3437 1633 3504 habet
1658 3440 1689 3504 δι’
1714 3433 1746 3504 οὗ
1767 3438 1817 3522 τὴν
1836 3438 1907 3522 πρὸς
1928 3439 1977 3506 τὸν
2000 3440 2159 3524 ἀργίσγωνσν
2181 3467 2247 3505 παπ.

601 3591 719 3650 προσαγ.
740 3567 795 3651 ε’σχ.
838 3565 1015 3631 Praeterea
1034 3567 1132 3630 etiam
1151 3564 1232 3630 haec
1248 3563 1350 3630 altera
1365 3567 1528 3651 scriptura
1541 3566 1665 3630 formas
1680 3573 1716 3631 ut
1731 3567 1957 3650 ἀκαταλογοππων
1972 3562 2041 3651 (fol.
2057 3567 2108 3632 55.
2125 3565 2246 3654 verso),

601 3695 755 3778 πολλρμψνν
778 3689 847 3778 (fol.
871 3691 923 3757 54.
945 3689 1057 3779 verso)
1085 3691 1217 3774 reh'uet,
1244 3693 1279 3756 in
1304 3693 1386 3779 ipsis
1414 3692 1509 3757 codd.
1531 3691 1718 3782 ,uncialibus
1748 3693 1909 3778 sequioris
1937 3695 2011 3758 aevi
2038 3695 2117 3758 satis
2145 3717 2247 3760 raras.

601 3820 754 3886 Nondum
773 3821 923 3886 iuventus
944 3829 1002 3902 est,
1027 3820 1115 3906 quod
1131 3820 1241 3903 sciam,
1262 3820 1368 3885 codex
1386 3819 1617 3906 palimpsestus
1635 3817 1781 3885 Graccus
1802 3821 1894 3907 cujus
1909 3822 2072 3886 recentior
2087 3823 2249 3908 scriptura

604 3947 731 4013 Graeca
744 3957 867 4012 tantam
882 3947 1083 4034 antiquitatis
1098 3945 1228 4012 laudem
1243 3946 1371 4014 habeat.

709 4073 850 4139 Codices
865 4073 994 4139 Veteris
1010 4073 1212 4140 Testamenti
1231 4073 1345 4140 eadem
1364 4074 1433 4138 fore
1453 4077 1643 4162 antiquitate
1662 4075 1808 4160 insigues
1823 4075 1858 4140 in
1871 4075 2026 4163 Europae
2041 4073 2248 4141 bibliothecis

601 4200 762 4266 habentur
777 4200 962 4266 duodecim:
986 4223 1027 4266 ex
1041 4201 1092 4266 his
1107 4201 1226 4266 librum
1241 4201 1458 4266 Numer-orum
1472 4223 1539 4266 nou
1553 4201 1709 4267 exhibent
1722 4203 1787 4267 nisi
1802 4211 1963 4288 quattuor.

1397 4447 1452 4528 ΙΙ.

706 4632 906 4719 Fragmenta
920 4632 1006 4698 Novi
1021 4631 1222 4698 Testamenti
1241 4633 1490 4698 membranacea
1509 4633 1762 4721 palimpsesta
1781 4633 1934 4699 foliorum
1952 4633 1994 4698 28
2015 4631 2050 4720 (i.
2071 4659 2099 4700 e.
2115 4637 2158 4701 20
2173 4638 2246 4700 sim-

598 4759 694 4848 plicis
719 4769 751 4825 et
773 4760 794 4824 4
816 4757 956 4846 duplicis
980 4760 1049 4824 sive
1072 4759 1205 4847 majoris
1221 4759 1374 4847 formae),
1399 4783 1535 4847 quorum
1551 4762 1778 4848 antiquissima
1792 4763 1954 4848 scriptura
1970 4759 2120 4828 Graeca
2135 4786 2247 4850 super-

599 4889 784 4974 impositam
799 4885 898 4952 habet
911 4885 1152 4952 Armeniacam.
1181 4886 1276 4952 Folia
1291 4887 1310 4952 l
1326 4887 1368 4952 ad
1383 4887 1588 4974 evangelium
1602 4888 1760 4954 Matthaei
1775 4884 1839 4974 (14,
1857 4887 1990 4954 13—23.
2009 4891 2057 4972 17,
2074 4890 2208 4972 22-18,
2217 4891 2247 4954 3.

600 5016 805 5098 11-19.19,
825 5015 941 5080 5-14.
962 5014 1012 5097 24,
1033 5013 1172 5096 57-25,
1198 5016 1225 5079 1.
1241 5015 1377 5080 32-45.
1393 5015 1448 5098 26,
1469 5013 1634 5102 31-45.),
1657 5017 1677 5080 2
1697 5015 1740 5082 ad
1759 5015 1964 5102 evangelium
1978 5015 2081 5082 Marci
2104 5017 2148 5102 (9,
2166 5017 2249 5082 14-

599 5143 649 5206 22.
667 5143 716 5226 14,
733 5139 894 5230 58-l0.),
910 5142 931 5206 5
947 5138 996 5229 (4)
1013 5142 1055 5206 ad
1070 5141 1275 5228 evangelium
1290 5141 1401 5208 Lucae
1419 5138 1462 5229 (7,
1477 5143 1612 5208 39-49.
1630 5144 1678 5226 18,
1697 5143 1830 5208 14-25.
1847 5143 1899 5226 24,
1917 5142 2065 5229 10-19.)
2074 5195 2083 5226 ,
2104 5145 2124 5207 8
2140 5141 2188 5230 (ο)
2205 5144 2248 5209 ad

599 5267 803 5355 evangelium
821 5269 982 5335 Johannis
1000 5266 1043 5355 (4,
1059 5267 1177 5350 52-5,
1199 5269 1227 5332 8.
1251 5270 1300 5352 11,
1319 5269 1454 5354 50-12,
1475 5271 1504 5334 9.
1527 5269 1577 5354 15,
1598 5271 1731 5354 12-16,
1752 5271 1781 5335 2.
1804 5271 1852 5354 19,
1875 5269 2246 5359 11-24.2Ο,17-26.)

698 5405 719 5466 *l
742 5403 786 5456 Ea
808 5403 844 5456 de
867 5419 898 5458 re
920 5403 980 5474 agit
997 5402 1064 5457 Em.
1082 5401 1207 5456 Grabius
1224 5403 1253 5456 in
1269 5403 1404 5474 Prolagg.
1422 5403 1460 5457 ad
1477 5405 1631 5459 editionem
1649 5405 1713 5459 cod.
1732 5404 1813 5459 Alex.
1835 5421 1897 5475 cap.
1910 5406 1934 5458 1.
1953 5403 2009 5478 §Z
2028 5405 2078 5459 ubi
2096 5422 2130 5460 cr
2147 5405 2247 5476 Eclog.

597 5485 734 5542 Mosaicia
745 5487 841 5557 plures
855 5486 979 5558 capitum
991 5486 1180 5543 Pentateuchi
1193 5488 1357 5544 notationes
1370 5487 1460 5543 affert.
