5244 6618
1957 679 2008 728 vll

375 866 442 932 Nec
461 885 537 933 vero
557 865 826 950 praetereundum
847 869 911 945 est,
935 883 1005 932 eam
1024 865 1127 949 ipsam
1143 865 1183 932 ob
1200 883 1359 947 caussam,
1381 863 1402 932 i.
1417 884 1444 932 e.
1460 865 1501 932 ob
1522 865 1739 932 collectionem
1759 865 1845 932 illam
1865 865 2007 934 codicum

377 992 725 1077 praestantissimomm
746 993 870 1076 patriae
892 1011 931 1058 ac
955 992 1166 1060 bibliothecae
1189 991 1406 1060 universitatis
1431 993 1555 1076 patriae
1577 1011 1649 1059 cum
1671 993 1785 1060 eximia
1806 994 1891 1075 grati
1913 993 2009 1060 animi

375 1121 570 1205 pietatisque
585 1119 815 1203 significatione
827 1139 846 1186 a
858 1139 909 1186 me
924 1138 1061 1202 cessam,
1076 1119 1163 1202 regis
1178 1119 1366 1204 imperiique
1381 1121 1508 1187 nomine
1522 1119 1697 1186 liberaliter
1711 1123 1916 1204 prospectum
1928 1139 2010 1202 esse,

375 1253 412 1314 ut
426 1247 544 1314 itinera
555 1266 628 1314 mea
641 1251 675 1314 et
689 1247 816 1314 labores
831 1248 872 1313 ad
887 1248 1119 1330 promovendas
1135 1247 1258 1314 litteras
1273 1247 1417 1332 inprimis
1433 1266 1541 1314 sacras
1556 1253 1725 1332 susceptos
1736 1253 1920 1315 constanter
1934 1267 2008 1332 per·
2033 1279 2035 1284 ·

377 1375 468 1458 sequi
482 1393 621 1459 possem.
652 1373 745 1454 Quod
759 1379 796 1440 ut
810 1379 902 1458 grato
918 1375 1023 1441 animo
1038 1373 1115 1440 mihi
1128 1374 1374 1459 praedicandum
1389 1380 1453 1456 est,
1468 1375 1515 1440 ita
1529 1375 1651 1442 confido
1667 1393 1828 1458 nunquam
1843 1373 2009 1442 defuturos

378 1521 450 1569 esse
465 1501 520 1584 qui
535 1503 704 1568 thesauros
718 1502 789 1568 illos
805 1501 972 1568 itineribus
988 1503 1067 1570 meis
1081 1507 1229 1586 repertos
1244 1502 1504 1584 conquisitosque
1518 1503 1720 1584 gratulentur
1734 1502 1868 1586 patriae.

508 1629 597 1707 Quae
612 1630 746 1696 alteram
761 1628 834 1694 libri
848 1634 971 1712 partem
988 1634 1144 1713 occupant
1158 1634 1309 1713 excerpta
1324 1649 1342 1696 e
1357 1629 1518 1696 codicibus
1533 1627 1795 1696 bibliothecarum
1811 1648 1893 1712 quae
1905 1629 2009 1696 Vene-

377 1755 431 1822 tiis
452 1761 485 1822 et
499 1755 631 1822 Taurini
651 1759 739 1838 suut,
758 1755 889 1822 Parisiis
910 1759 943 1822 et
958 1755 1222 1840 Carpentorate,
1237 1755 1483 1839 Guelpherbyti,
1502 1755 1642 1838 Monaci,
1663 1755 1855 1840 Hamburgi,
1876 1755 2008 1824 Sancto-

378 1882 469 1966 galli,
488 1883 640 1966 Londini,
656 1882 785 1964 Oxonii,
810 1887 906 1965 atque
927 1883 1022 1950 etiam
1044 1884 1076 1948 in
1099 1883 1196 1949 uariis
1218 1882 1314 1950 terris
1336 1882 1558 1964 orientahbus,
1582 1902 1621 1950 ea
1643 1888 1676 1950 et
1700 1903 1735 1950 re
1756 1888 1790 1950 et
1807 1882 1911 1966 pretio
1931 1887 2009 1950 satis

378 2009 465 2078 inter
480 2029 515 2077 se
531 2008 691 2077 differunt.
728 2009 906 2093 Deligenda
924 2016 1016 2077 erant
1037 2029 1076 2077 ex
1089 2029 1206 2094 magna
1225 2028 1335 2077 eorum
1356 2009 1447 2094 copia
1466 2029 1548 2093 quae
1569 2030 1608 2077 ex
1627 2009 1773 2094 plurimis
1789 2017 1823 2077 et
1837 2009 2009 2077 occidentis

380 2143 413 2204 et
436 2137 568 2204 orientis
590 2136 790 2205 bibliothecis
811 2138 944 2204 collecta
963 2138 1055 2204 etad
1074 2136 1180 2206 ramos
1201 2156 1279 2205 usus
1299 2137 1443 2221 reposita
1460 2137 1573 2205 habeo.
1610 2137 1789 2204 Retinenda
1808 2137 1952 2221 inprimis
1973 2157 2012 2204 ea

379 2263 570 2331 uidebantur
595 2283 678 2347 quae
701 2264 894 2347 singularem
916 2265 1032 2330 libmm
1054 2265 1106 2331 vel
1127 2269 1215 2332 certe
1237 2283 1295 2348 pro
1319 2283 1379 2332 suo
1403 2266 1552 2348 quodque
1575 2283 1692 2347 genere
1715 2263 1885 2332 editionem
1908 2267 2009 2348 magis

379 2392 541 2476 propriam
557 2391 619 2458 sibi
635 2395 780 2476 poscunt
819 2389 919 2476 Spero
936 2391 1083 2475 equidem
1099 2410 1234 2474 eaquae
1249 2393 1324 2459 data
1338 2393 1596 2459 suntinventura
1611 2411 1683 2458 esse
1699 2391 1813 2475 quibus
1829 2391 1928 2476 digna
1941 2399 2009 2458 stu·

381 2517 433 2584 dio
453 2519 631 2586 rideantur.
669 2519 757 2598 Quos
777 2519 906 2586 eosdem
925 2497 1044 2601 aequos
1064 2517 1298 2587 existimatores
1318 2518 1444 2586 iuturos
1466 2539 1537 2586 esse
1557 2517 1690 2585 conlido.

510 2645 598 2726 Quae
614 2646 655 2712 ad
673 2645 746 2713 libri
765 2645 861 2713 finem
881 2645 1060 2730 fragmenta
1074 2645 1282 2730 epistularum
1296 2645 1388 2713 Pauli
1402 2645 1489 2713 edita
1503 2653 1592 2727 sunt,
1615 2665 1654 2712 ea
1672 2645 1785 2712 iisdem
1806 2645 2013 2712 exscribenda

383 2772 468 2858 typis
488 2773 668 2840 curavimus
688 2773 743 2856 qui
762 2774 803 2840 ad
821 2792 936 2840 novam
955 2772 1173 2840 collectionem
1188 2773 1465 2842 Monumentorum
1486 2793 1650 2840 sacrorum
1670 2773 1862 2840 ineditorum
1882 2792 1902 2839 a
1920 2773 2011 2838 nobis

382 2899 516 2968 adhibiti
534 2905 622 2980 sunt,
642 2900 758 2968 additis
777 2899 909 2984 insuper
928 2905 1113 2968 accentuum
1134 2899 1366 2984 spirituumque
1388 2902 1488 2984 signis
1509 2901 1550 2968 ad
1570 2899 1805 2967 similitudinem
1821 2919 1917 2966 manu
1932 2899 2011 2967 scri·

383 3033 512 3112 ptorum
527 3025 650 3094 affictis.
685 3028 775 3108 Quae
791 3034 941 3112 typorum
960 3029 1044 3096 ratio
1060 3027 1100 3094 ab
1115 3029 1215 3112 ipsius
1231 3028 1348 3096 codicis
1364 3027 1538 3112 scriptura,
1554 3047 1648 3111 quam
1663 3027 1774 3094 tabula
1788 3025 2012 3111 expressimus,

383 3173 446 3222 non
468 3153 572 3220 minus
591 3154 714 3221 recedit
728 3174 822 3238 quam
838 3156 1032 3239 aplerisque
1051 3159 1127 3239 post
1147 3161 1270 3222 sextum
1290 3156 1450 3222 saeculum
1467 3154 1604 3240 scriptis.
1641 3156 1686 3221 At
1699 3173 1781 3238 quae
1795 3173 1909 3222 revera
1923 3172 2011 3221 rece-

384 3283 478 3363 dunt,
499 3300 539 3348 ea
557 3281 690 3366 propius
705 3283 746 3349 ad
766 3282 947 3366 antiquiora
961 3283 1153 3366 exemplaria
1168 3284 1337 3365 accedunt,
1357 3284 1398 3350 ad
1414 3302 1494 3366 quae
1509 3282 1571 3366 ipsi
1588 3281 1784 3367 posteriores
1799 3281 1924 3349 codices
1940 3287 2015 3348 sunt

384 3407 561 3493 compositi.
592 3407 675 3475 Hinc
694 3413 744 3476 est
763 3410 847 3492 quod
868 3411 997 3477 eosdem
1016 3415 1111 3494 typos
1127 3430 1146 3476 a
1160 3409 1315 3478 similibus
1334 3409 1501 3495 scripturis
1517 3429 1581 3478 non
1595 3411 1688 3494 plane
1703 3411 1824 3477 alienos
1840 3429 1912 3476 esse
1927 3407 2010 3474 iudi-

384 3555 533 3604 tammus.

513 3663 625 3731 Totius
647 3663 721 3730 libri
740 3669 774 3730 et
792 3663 985 3747 conscriptio
1007 3669 1041 3730 et
1060 3664 1227 3747 impressio
1250 3683 1347 3748 quum
1365 3664 1527 3732 laboribus
1546 3663 1617 3730 aliis
1636 3671 1704 3728 tum
1726 3663 1892 3730 itineribus
1911 3663 2010 3729 inter-

386 3795 500 3875 ruptae
515 3749 598 3858 sunt.
635 3791 714 3858 Inde
729 3791 874 3858 excusari
889 3791 981 3858 velim
997 3811 1079 3874 quae
1093 3791 1213 3875 passim
1228 3791 1331 3859 minus
1347 3799 1494 3859 accurate
1510 3793 1596 3858 edita
1610 3794 1698 3872 sunt,
1714 3795 1859 3857 correcta
1871 3789 1927 3856 illa
1941 3790 2009 3872 qui-

266 3995 273 4009 ·
386 3917 472 3998 dem,
492 3919 598 4001 quoad
616 3917 685 3984 lieri
704 3919 823 4002 potuit,
844 3918 877 3983 in
897 3917 1009 3984 indice.

513 4045 659 4128 Denique
680 4045 795 4111 librum
819 4045 993 4128 splendidis
1013 4065 1123 4112 eorum
1143 4043 1321 4113 nominibus
1342 4047 1493 4112 decorare
1515 4052 1659 4130 poteram
1679 4047 1734 4128 qui
1755 4044 1903 4112 itinerum
1922 4063 2010 4110 meo-

386 4191 471 4253 rum,
487 4173 569 4240 unde
585 4180 672 4240 totus
687 4173 819 4256 pendet,
833 4173 962 4258 patroni
980 4173 1178 4240 exstiterunt
1204 4172 1268 4239 Sed
1283 4175 1315 4240 id
1329 4173 1392 4240 iam
1407 4173 1482 4240 alibi
1496 4172 1668 4240 identidem
1683 4171 1799 4240 iactum
1815 4177 1879 4254 est,
1893 4190 2011 4255 nuper-

387 4299 466 4366 rime
487 4299 521 4364 in
541 4299 678 4366 editione
698 4299 781 4366 Noui
796 4299 993 4367 Testamenti
1014 4300 1164 4384 septima,
1187 4305 1283 4382 atque
1307 4304 1358 4366 est
1379 4299 1534 4367 eiusmodi
1555 4304 1592 4366 ut
1613 4299 1646 4366 in
1667 4319 1770 4366 meam
1792 4299 1894 4382 magis
1917 4317 2011 4380 quam

386 4426 513 4492 illorum
532 4427 659 4494 laudem
678 4425 748 4494 lieri
766 4427 921 4494 videatur.
964 4428 1167 4494 Recolentem
1189 4427 1315 4510 quidem
1336 4447 1407 4493 cum
1427 4429 1531 4494 animo
1554 4446 1624 4494 meo
1646 4425 1831 4494 memoriam
1851 4425 2010 4506 itinerum,

387 4553 420 4618 in
439 4553 554 4636 quihus
574 4553 658 4620 inter
677 4573 778 4621 annos
797 4560 887 4622 1840.
903 4559 935 4622 et
953 4561 1043 4622 1860.
1061 4553 1260 4638 septennium
1282 4555 1477 4638 consumpsi,
1497 4555 1575 4621 illud
1592 4553 1706 4620 mirum
1725 4553 1758 4618 in
1777 4554 1905 4620 modum
1924 4553 2010 4618 dele·

388 4685 468 4761 ctat,
491 4680 577 4764 quod
595 4681 690 4764 longe
704 4699 725 4746 a
738 4681 843 4766 patria
861 4686 895 4748 et
914 4681 1031 4765 ubique
1051 4685 1210 4748 terrarum
1229 4687 1279 4748 tot
1297 4681 1415 4749 amicos
1435 4701 1472 4748 ac
1491 4680 1633 4748 lautores
1654 4699 1773 4763 eosque
1787 4699 1902 4763 magna
1915 4698 2011 4763 saepe

388 4807 484 4872 animi
499 4807 715 4892 generositate
730 4813 764 4874 et
781 4808 972 4876 liberalitate
991 4808 1113 4876 inueni:
1137 4828 1271 4892 quorum
1285 4827 1445 4892 nunquam
1461 4828 1524 4875 non
1538 4814 1630 4892 grato
1646 4807 1750 4874 animo
1765 4807 1968 4874 recordabor.

517 4934 668 5002 Ceterum
681 4935 761 5001 haec
772 4937 936 5003 hnecdota
950 4955 1047 5018 quum
1061 4935 1197 5021 primum
1213 4955 1295 5003 anno
1311 4943 1401 5005 1855.
1413 4937 1596 5020 prodibant,
1608 4935 1820 5001 Alexandro
1836 4935 1881 5001 de
1896 4935 2009 5000 Hum-

389 5039 498 5128 1101111
520 5061 682 5144 „virorum
709 5061 874 5130 altioribus
900 5063 1015 5130 studiis
1031 5065 1189 5130 clarorum
1214 5065 1286 5131 duci
1312 5083 1349 5130 ao
1373 5063 1533 5148 principi“
1561 5061 1714 5129 dedicavi
1757 5061 1849 5139 Quod
1874 5062 1923 5127 his
1949 5061 2010 5128 ieci

388 5189 518 5256 litterIs:

506 5315 573 5383 Nec
592 5316 750 5384 mirabere
769 5333 828 5383 uec
847 5315 1061 5401 reprehendes
1081 5317 1166 5400 quod
1185 5317 1275 5400 operi
1295 5317 1368 5383 hiric
1386 5335 1502 5384 nomen
1521 5317 1625 5382 Tuum
1646 5316 1808 5400 proposui
1851 5317 1901 5381 Ex
1920 5318 2010 5382 annis

389 5443 473 5510 enim
492 5443 658 5525 tredecim,
679 5448 849 5528 postquam
869 5443 1005 5528 primum
1020 5443 1168 5510 Lutetiae
1183 5443 1228 5510 Te
1245 5444 1351 5512 videre
1365 5445 1442 5510 mihi
1457 5445 1604 5528 contigit,
1625 5443 1751 5511 labores
1771 5443 1834 5511 mei
1848 5461 1957 5511 omnes
1972 5445 2013 5510 ad
