5244 6618
602 713 622 776 8
1242 711 1422 774 CODICES
1445 711 1612 774 GRAECI.

603 913 843 1001 subscriptione
851 933 933 999 quae
943 935 1064 978 annum
1072 934 1135 1000 quo
1145 913 1286 1000 scriptus
1296 922 1346 979 est
1352 913 1470 1000 prodit,
1479 915 1534 978 ie.
1543 935 1663 980 annum
1670 911 1793 978 Christi
1801 912 1903 998 1054,
1910 913 1989 980 item
1997 917 2129 981 nomina
2137 939 2249 985 eorum

602 1065 739 1129 quorum
748 1041 847 1128 jussu
862 1042 1003 1126 scriptus
1019 1048 1069 1104 est
1084 1048 1116 1106 et
1131 1041 1201 1128 ejus
1218 1042 1273 1128 qui
1289 1041 1429 1128 scripsit.
1475 1039 1639 1128 Scriptum
1661 1049 1712 1106 est
1727 1042 1813 1106 enim
1828 1041 1862 1105 in
1875 1040 1962 1108 hrmc
1976 1042 2123 1108 modum:
2144 1047 2249 1132 ἐγράφη

598 1171 616 1254 ἡ
637 1171 897 1253 πνεοματοκειλνρτος
911 1166 958 1234 καλ
972 1168 1032 1254 ἱερὰ
1046 1171 1139 1254 βίβλος
1153 1166 1222 1252 aiat]
1235 1195 1290 1234 κατ
1313 1167 1461 1254 ἐπιτροπὴν
1476 1161 1597 1252 (codex
1610 1179 1840 1252 κατεπιτρωπεῖν,
1860 1167 2008 1234 simiIIter
2021 1172 2146 1255 passim
2162 1185 2249 1239 errat

603 1293 757 1384 scriptor)
777 1300 826 1362 τοῦ
840 1299 932 1380 κυρίου
947 1295 1050 1382 Ἰακὼβ
1062 1300 1184 1380 μοναχοῦ
1201 1293 1248 1360 καὶ
1263 1297 1447 1381 πρεσβιπερον
1463 1293 1511 1360 καλ
1527 1294 1658 1362 Ἰωάννου
1675 1299 1798 1381 μαναχοῦ
1820 1295 1868 1361 ee
1879 1297 1970 1381 χειρὸς
1982 1299 2113 1364 Ἰωάννου
2125 1308 2249 1386 μοναχοῦ

603 1427 680 1498 ἔτους
693 1417 774 1510 ὀγῖνῖβ
788 1425 836 1489 ee.
851 1415 882 1508 ιβ
891 1453 919 1508 μ
932 1425 1008 1508 ἀπρι.
1023 1417 1049 1488 κ.
1092 1421 1201 1487 Textu
1214 1423 1331 1488 mirum
1346 1423 1380 1488 in
1394 1422 1527 1488 modum
1540 1444 1621 1510 prae
1637 1420 1787 1488 omnibus
1802 1431 1933 1488 actuum
1948 1423 2117 1490 codicibus
2134 1427 2248 1493 endem

603 1553 671 1618 fere
698 1560 804 1617 aetate
832 1551 961 1637 scriptis
990 1548 1132 1633 excellit,
1161 1559 1332 1637 tantopere
1360 1551 1445 1614 enim
1468 1549 1511 1616 ad
1533 1558 1659 1616 textum
1680 1548 1966 1616 celeberrimorum
1988 1551 2137 1618 codicum
2158 1551 2247 1619 ABG

602 1679 729 1745 accedit
747 1687 783 1742 ut
802 1677 952 1742 codicum
971 1675 1227 1742 minusculorum
1246 1698 1328 1763 quos
1347 1686 1467 1742 vocant
1484 1675 1608 1744 nullum
1626 1699 1741 1763 parem
1760 1675 1888 1742 habeat.
1931 1677 1983 1742 Ita
2000 1678 2052 1761 27,
2072 1679 2208 1764 27-28,
2228 1681 2249 1746 3

603 1805 767 1892 (versibus
787 1802 843 1891 21)
864 1807 899 1870 in
923 1827 1056 1870 censum
1077 1806 1213 1870 veniunt
1231 1803 1389 1870 lectiones
1411 1803 1462 1869 39.
1505 1801 1632 1870 Harum
1656 1803 1695 1868 16
1719 1825 1906 1870 communes
1930 1803 2030 1871 habet
2051 1829 2124 1872 eum
2143 1805 2247 1874 ABG:

603 1959 632 1998 v.
656 1934 707 1998 29.
736 1933 811 1998 κατά
834 1954 894 2019 pro
922 1934 973 2007 εἰς,
1008 1956 1039 1995 v.
1059 1931 1110 1996 30.
1134 1933 1227 2017 ἁγκῦρ.
1249 1932 1415 2018 μελλόντων,
1444 1955 1475 1996 v.
1499 1929 1550 1996 33.
1574 1931 1661 2016 ν’γμίρα
1687 1929 1812 2016 ἤμελλεν,
1846 1956 1877 1997 v.
1909 1933 1960 1996 34.
1990 1940 2156 2021 μεταλαβεῖν
2185 1960 2246 2024 pro

602 2067 777 2148 προσλαβεῖν,
799 2057 923 2124 ibidem
948 2059 1006 2126 cirri
1027 2081 1088 2148 pro
1108 2061 1146 2135 ἐκ,
1168 2059 1291 2124 ibidem
1312 2060 1459 2125 ἀπολεῖται
1478 2080 1539 2144 pro
1564 2069 1701 2136 necatam,
1723 2083 1754 2124 v.
1774 2059 1825 2124 37.
1847 2065 1940 2126 πᾶσαν
1962 2081 2030 2145 ψνχ.
2056 2063 2084 2126 ἐν
2105 2091 2129 2128 τ.
2151 2070 2248 2146 πλοὰρ,

603 2215 632 2254 v.
648 2189 700 2253 40.
721 2190 880 2274 ἀρπεγιωνα,
905 2211 934 2252 v.
950 2185 1002 2252 41.
1024 2189 1163 2252 ἐπέκειλαν
1180 2183 1352 2274 (temptum
1372 2195 1422 2252 est
1434 2223 1475 2232 --
1488 2183 1596 2272 κνλαν),
1624 2210 1653 2250 v.
1669 2186 1720 2250 42.
1741 2187 1871 2272 διαφύγῃ,
1903 2211 1933 2250 v.
1953 2187 2005 2252 43.
2028 2189 2248 2278 ἕκατοντάρχρςγ

602 2317 652 2398 23,
667 2319 694 2379 l.
717 2317 881 2407 ἐπέγνωμεν,
902 2338 933 2378 v.
951 2315 980 2378 2.
1001 2313 1031 2380 ολ
1044 2341 1088 2389 τε,
1112 2313 1234 2379 ibidem
1254 2311 1391 2398 ἅψαντες,
1410 2335 1441 2378 v.
1458 2314 1488 2378 3.
1508 2340 1587 2398 φραγ.
1607 2341 1633 2378 τε
1651 2318 1775 2397 πλῆθος,
1798 2311 1920 2378 ibidem
1935 2313 1993 2382 ἀπὸ
2008 2321 2064 2400 τῆς.
2107 2317 2191 2384 Item
2208 2320 2248 2384 lO

602 2467 676 2510 cum
700 2441 829 2508 duobus
852 2465 894 2507 ex
914 2441 980 2506 his:
1003 2465 1034 2505 v.
1049 2441 1101 2529 29.
1123 2442 1160 2526 μή
1180 2466 1235 2507 που
1258 2449 1291 2506 et
1308 2439 1436 2526 ηὔχοντο,
1456 2463 1485 2504 v.
1502 2440 1554 2504 30.
1573 2441 1698 2524 πρώρας,
1720 2464 1751 2505 v.
1767 2439 1817 2505 33.
1837 2440 1949 2526 ἤμελλεν
1968 2450 2001 2508 et
2019 2445 2246 2530 προσλαβόμενοι,

600 2596 632 2636 v.
648 2571 699 2635 34.
714 2571 859 2656 ὑμετέρας,
878 2591 909 2632 v.
925 2567 976 2632 37.
991 2567 1096 2654 ἥμεθα,
1111 2592 1141 2631 v.
1157 2569 1208 2632 39.
1224 2569 1363 2642 tiammo,
1385 2591 1416 2633 v.
1431 2567 1482 2631 41.
1499 2569 1614 2650 ipsvm
1635 2565 1687 2650 28,
1702 2565 1732 2630 3.
1748 2569 1911 2644 ἐξελθοῦσα.
1954 2569 2038 2635 Item
2054 2571 2072 2634 7
2093 2593 2167 2637 cum
2181 2595 2246 2639 uno

602 2723 644 2764 ex
666 2697 732 2762 his:
760 2721 791 2762 v.
807 2697 859 2760 27.
882 2697 1038 2781 ἐπεγένετο,
1061 2719 1092 2760 v.
1108 2697 1159 2762 28.
1174 2697 1291 2782 ὀργῦας,
1313 2718 1344 2758 v.
1361 2695 1411 2758 29.
1431 2695 1594 2780 φοβούμεναι
1611 2696 1654 2769 ὀί,
1676 2719 1707 2758 v.
1723 2693 1774 2759 35.
1798 2696 2010 2780 νβχαρίεερσεν,
2033 2720 2064 2761 v.
2080 2700 2131 2764 37.
2155 2705 2248 2768 πᾶσαι

602 2825 725 2911 absque
745 2826 783 2899 ui,
798 2847 828 2886 v.
845 2823 895 2888 39.
916 2824 1073 2908 ἐβούλοντο,
1092 2846 1122 2888 v.
1138 2821 1189 2886 43.
1210 2824 1277 2888 ἐκελ.
1293 2825 1329 2888 δέ.
1373 2820 1439 2886 Ter
1455 2843 1529 2886 cum
1545 2818 1649 2902 OGH,
1671 2821 1772 2888 semel
1787 2843 1861 2886 cum
1877 2819 1942 2888 GH
1956 2821 2121 2908 vulgatam
2135 2825 2247 2892 lectio-

601 2976 676 3018 nem
694 2960 818 3016 tuetur:
839 2973 869 3014 v.
886 2950 937 3015 33.
952 2951 1045 3033 μηδέν,
1063 2971 1094 3014 v.
1110 2950 1160 3014 41.
1180 2953 1245 3035 βίας
1258 2954 1315 3015 τῶν
1329 2950 1471 3032 καμάτων,
1491 2972 1521 3012 v.
1537 2947 1567 3012 2.
1582 2959 1728 3033 παρεῖχον,
1748 2972 1778 3013 v.
1794 2948 1845 3014 35.
1861 2950 1954 3015 εἰπών.
1999 2948 2108 3016 Semel
2122 2963 2247 3020 tantum

603 3103 675 3146 cum
692 3081 828 3144 minusc.
845 3077 939 3142 codd.
957 3075 1034 3141 solis
1051 3077 1146 3160 facit,
1163 3075 1222 3142 sed
1237 3075 1413 3140 accedente
1429 3075 1526 3140 etiam
1542 3073 1696 3142 Sahidica
1713 3077 1865 3142 versione
1885 3075 2036 3165 aliisque:
2060 3102 2090 3144 v.
2107 3079 2157 3144 29.
2173 3083 2248 3146 ἐκπί·

601 3235 701 3285 contr,-
715 3204 815 3270 semel
831 3200 865 3291 (i.
882 3229 910 3270 e.
930 3228 961 3267 v.
978 3201 1043 3290 32.)
1058 3203 1183 3270 nullum
1198 3203 1323 3268 socium
1338 3201 1437 3267 habet
1452 3203 1602 3267 omittens
1618 3205 1645 3269 οἱ
1657 3209 1836 3287 στρατιῶται,
1851 3202 1893 3268 ab
1908 3203 1981 3269 aliis
1997 3215 2071 3271 ante
2087 3207 2247 3292 ἀπέκοψαν,

601 3335 642 3402 ab
659 3334 731 3400 aliis
750 3343 827 3420 post
847 3333 999 3414 ἀπέκοψαν
1018 3329 1173 3396 additum.
1224 3329 1293 3394 Nec
1312 3351 1386 3394 raro
1409 3329 1446 3394 fit
1468 3337 1504 3394 ut
1525 3327 1614 3394 eolus
1636 3331 1721 3394 inter
1744 3351 1856 3396 omnes
1872 3331 2009 3397 accedat
2022 3333 2066 3398 ad
2080 3333 2247 3400 codicisB

600 3461 822 3528 testimonium
841 3458 894 3524 vel
913 3456 1035 3523 codicis
1049 3455 1082 3521 A
1095 3455 1148 3523 vel
1163 3457 1286 3522 codicis
1304 3455 1345 3540 C,
1368 3467 1404 3521 ut
1419 3457 1469 3540 11,
1484 3455 1513 3520 3.
1530 3453 1573 3524 ὅτι
1586 3458 1715 3541 εἰσῆλθεν
1730 3478 1803 3521 cum
1818 3455 1863 3540 B;
1888 3457 1937 3540 13,
1954 3458 2003 3523 19.
2024 3461 2181 3526 omissum
2200 3467 2252 3529 καί

601 3593 732 3654 ineunte
746 3609 845 3652 versu
860 3583 984 3668 cumB3
1002 3586 1051 3669 13,
1066 3585 1117 3650 20.
1133 3584 1267 3670 Σαμουὴλ
1281 3584 1423 3670 προφίγτον
1438 3606 1512 3649 cum
1525 3582 1570 3667 B;
1586 3581 1637 3667 28,
1647 3583 1676 3647 6.
1693 3583 1778 3650 αὐτὸν
1792 3585 1861 3650 εἶναι
1872 3586 1943 3651 θεόν
1962 3609 2036 3652 eum
2045 3587 2089 3670 B;
2105 3597 2141 3653 ut
2157 3589 2205 3671 11,
2217 3589 2246 3654 5.

600 3718 779 3801 καταβαίνων
794 3736 867 3778 cum
881 3711 927 3797 A,
948 3714 1000 3797 14,
1021 3713 1071 3777 25.
1094 3713 1189 3796 lulio.
1210 3714 1248 3787 εἰς
1263 3711 1312 3796 rip
1327 3713 1439 3797 Πίργγν
1461 3731 1535 3775 oum
1552 3709 1599 3794 Α,
1620 3711 1675 3793 17,
1695 3711 1744 3774 10.
1763 3711 1884 3776 omissa
1897 3713 2005 3788 εὐθέως
2018 3714 2064 3780 διὰ
2084 3721 2134 3800 τῆς
2152 3719 2248 3791 νυκτός

601 3867 674 3908 cum
689 3842 734 3925 A3
757 3851 793 3906 ut
812 3841 862 3924 13,
879 3841 928 3904 11.
947 3867 1069 3925 παραχρ.
1088 3867 1119 3906 τε
1138 3861 1211 3904 cum
1228 3837 1271 3922 (33
1288 3838 1337 3922 16,
1353 3837 1403 3902 36.
1420 3839 1585 3906 &urbertas
1600 3859 1674 3902 cum
1690 3835 1726 3902 O.
1771 3837 1823 3904 Ita
1837 3839 1935 3904 etiam
1950 3863 2024 3905 cum
2040 3841 2109 3907 solo
2124 3841 2154 3906 Ε
2169 3843 2248 3908 facit

602 3973 650 4052 17,
675 3971 723 4033 19.
745 3969 879 4053 λεγομένη.
932 3966 1006 4046 Quo
1033 3977 1140 4032 autem
1166 3967 1323 4052 pauciora
1348 3987 1494 4030 summae
1516 3965 1715 4052 antiquitatis
1739 3977 1949 4032 monumenta
1969 3977 2095 4034 textum
2116 3981 2248 4036 actuum

601 4105 844 4178 conservarunt,
868 4117 906 4160 eo
921 4093 1023 4181 pluris
1040 4093 1145 4160 codex
1159 4103 1271 4158 noster
1286 4091 1506 4158 aestimandus
1523 4101 1587 4174 est3
1610 4090 1698 4156 haud
1714 4091 1811 4158 dubie
1827 4093 1913 4158 enim
1928 4095 2144 4182 antiquissimi
2160 4097 2246 4163 codi-

601 4225 648 4289 cis
663 4221 810 4306 uncialis,
826 4223 881 4308 qui
895 4223 966 4308 ipse
982 4223 1087 4308 periit,
1104 4219 1289 4306 exemplum
1304 4230 1363 4285 cst.

1361 4593 1480 4674 VIII.

704 4850 799 4915 Folia
825 4849 1073 4914 membranacea
1092 4847 1344 4935 palimpsesta
1367 4871 1426 4914 sex
1447 4851 1481 4912 in
1506 4849 1547 4913 4⁰
1569 4871 1642 4914 cum
1666 4850 1857 4935 fragmentis
1881 4849 2045 4916 Graecis
2068 4852 2247 4938 prophetae

599 4977 739 5060 Jesaiac,
761 4977 884 5042 saeculi
902 4977 971 5041 fere
990 4977 1129 5062 septimi.
1174 4975 1327 5042 Unciales
1345 4975 1485 5058 litterae,
1507 4976 1624 5062 quibus
1645 4981 1766 5063 scripta
1786 4987 1870 5060 sunt,
1889 4977 1985 5044 firma
2002 5002 2101 5044 manu
2120 4978 2246 5063 ductae,

598 5115 772 5190 vergentes
794 5103 972 5192 paullulum
991 5102 1135 5168 adlatus
1159 5112 1191 5167 et
1210 5101 1379 5188 oblongae,
1394 5103 1491 5168 nullis
1511 5113 1641 5169 notatae
1661 5103 1858 5170 accentibus.
1905 5105 2051 5172 Graecae
2068 5108 2247 5193 scripturae

601 5233 853 5318 superimposita
875 5241 925 5296 est
947 5231 1151 5296 Armeniaca.
1205 5229 1333 5297 Graeca
1353 5231 1508 5318 pleraque
1529 5230 1616 5296 lectu
1640 5231 1828 5298 difficillima
1850 5242 1939 5316 sunt;
1969 5243 2078 5298 tamen
2101 5235 2247 5320 exceptis

600 5361 806 5446 paucissimis
825 5360 890 5424 ism
907 5357 974 5444 legi
993 5368 1025 5423 et
1045 5357 1162 5424 edendi
1181 5381 1299 5424 caussa
1317 5359 1535 5445 transscripsi.
1584 5357 1667 5423 Sunt
1684 5370 1793 5426 autem
1807 5361 1991 5446 fragmenta
2003 5360 2026 5426 J
2028 5361 2136 5425 esaiae
2151 5359 2246 5425 haec:

600 5489 629 5568 3,
646 5488 759 5552 8-14.
782 5487 812 5568 5,
828 5487 921 5550 2-7,
938 5487 1050 5550 7-11,
1075 5485 1276 5569 29,11-16.
1303 5485 1435 5550 16-23.
1459 5487 1510 5569 44,
1531 5485 1667 5569 27-45,
1688 5485 1717 5552 5.
1770 5485 1920 5574 Quinque
1945 5487 2094 5552 codicum
2116 5487 2248 5553 Jesaiac
