5244 6618
603 683 646 749 36

604 888 798 973 ὁμολογοίντες
818 893 874 952 τών
893 889 1002 954 τέκνων.
1021 889 1242 973 σνγκατάθεσθε
1261 886 1308 954 καί
1327 894 1361 972 τη
1380 886 1501 972 όσώτητι
1519 915 1566 953 και
1584 893 1617 972 τη
1638 890 1805 972 θεογιωσάι·
1829 887 1844 972 ἦ·
1865 887 1905 962 ώς
1918 888 2074 971 μισάγαθοι
2089 914 2136 952 και
2150 887 2255 970 φιλοζίγ

603 1043 666 1099 μιαι-
687 1042 758 1098 μετα
784 1020 834 1098 τῆς
854 1014 992 1099 εὐσεβείας
1014 1013 1062 1082 καί
1083 1017 1149 1092 τοὺς
1169 1022 1276 1090 παῖδας
1296 1015 1358 1099 ιἠμῖν
1379 1017 1555 1100 χαρίσασθε·
1603 1015 1701 1097 Ἡμεῖς
1723 1015 1830 1088 τοίταις
1850 1015 2082 1099 σαγχορεόσωμεν·
2112 1013 2188 1098 ἡμεῖς
2209 1012 2257 1080 καί

605 1143 841 1226 συνεσρτάσωμεν·
864 1141 939 1225 ἡμεῖς
956 1139 1004 1207 καὶ
1022 1143 1185 1226 σννάσωμεν
1199 1149 1232 1226 τῇ
1246 1147 1325 1226 καινῇ
1340 1142 1458 1227 γλώσση.
1473 1141 1505 1208 τὸ
1521 1142 1600 1226 ἀσμα
1614 1142 1646 1208 τὸ
1662 1143 1815 1226 αγγελνκόν·
1838 1141 1871 1208 τὸ
1886 1145 2085 1208 θεοδίδακτον·
2107 1141 2141 1208 τὸ
2155 1141 2256 1225 deripe·

605 1287 684 1336 στον·
707 1267 786 1336 aizoi
808 1269 885 1353 ἡμῶν
908 1270 1089 1353 προάξοοσιν·
1117 1271 1195 1336 αἰτοι
1216 1297 1264 1334 και
1284 1269 1571 1352 προάναφωνόσοοσιν
1592 1269 1625 1336 τὸ
1646 1269 1741 1336 καινὸν
1763 1267 1842 1352 ἀσμα
1864 1267 1897 1344 ὁ,
1919 1267 1935 1334 ὁ
1957 1263 1990 1342 κς
2011 1269 2134 1345 ε’διδαξεν
2157 1267 2258 1342 αι’πολις

606 1397 696 1480 ε’πειδη
710 1402 792 1462 τοῦτο
806 1403 856 1479 της
869 1395 973 1481 ἡμίρας
986 1396 1019 1462 τό
1033 1399 1177 1480 επίσημον·
1221 1395 1301 1462 Hori
1319 1397 1373 1480 γάρ
1391 1397 1499 1479 σομεών
1517 1395 1669 1480 ἀπήντησεν
1687 1401 1728 1460 τώ
1747 1389 1800 1480 opt.
1814 1392 1862 1460 aui
1876 1405 1940 1470 ταῖς
1955 1396 2091 1478 ἀγκάλαις
2104 1394 2257 1473 ι’νπεδεξατο

605 1551 654 1590 τον
675 1549 731 1608 προ
754 1525 864 1589 αἰώνων
886 1523 957 1590 θεὸν
978 1523 1145 1608 ώςβρίφος.
1167 1519 1214 1588 καί
1233 1523 1372 1590 τὸνθεόν
1391 1523 1537 1607 ηόλόγιγσεν
1556 1523 1572 1588 ό
1591 1523 1756 1608 πρεσβίτης·
1799 1515 1927 1606 Σήμερον
1947 1520 1977 1586 δὲ
1991 1550 2053 1588 αντι
2066 1525 2257 1608 πρεσβειτερων

607 1651 774 1735 ἀγνωμόνων
793 1652 820 1716 oi
838 1658 937 1724 παῖδες
955 1649 1115 1733 όπιμτησαν
1132 1655 1174 1717 τώ
1185 1641 1237 1734 αρν
1255 1651 1295 1724 ώς
1313 1651 1427 1734 σομεών.
1448 1647 1496 1714 καί
1518 1677 1556 1716 τα
1575 1651 1662 1733 κλάδη
1680 1649 1863 1734 ιἰπάιτρωσαν
1881 1677 1929 1715 και
1948 1651 1988 1724 nic
2006 1650 2077 1716 θεόν
2095 1650 2256 1734 ηὐλόγησαν.

605 1778 655 1844 τόν
677 1778 722 1843 ἐπι
743 1777 838 1844 πώλου
859 1777 899 1852 ὠς
920 1805 965 1843 επι
985 1778 1092 1860 θρόνον
1111 1775 1240 1863 χερονβίμ
1261 1778 1435 1862 καθήμενον·
1474 1777 1595 1844 Ωσαννά
1616 1781 1656 1842 τώ
1678 1779 1728 1844 vici
1747 1769 1813 1842 διῖδ·
1835 1778 2011 1862 εὐλογημένος
2030 1775 2046 1843 ό
2065 1777 2257 1861 ερχόμενοςέν

607 1905 721 1989 ονόμοιτι
735 1899 779 1970 κν·
795 1905 971 1989 εὐλογημένος
985 1904 1001 1972 ό
1016 1931 1046 1970 εκ
1059 1895 1102 1970 θ-ει
1115 1897 1160 1979 θῖ
1169 1931 1224 1989 προ
1240 1905 1361 1970 αιώνων·
1384 1904 1541 1991 ὁβασιλείς
1551 1955 1557 1968 .
1568 1953 1591 1968 ..

713 2031 783 2096 Fol.
800 2031 829 2095 2.
852 2038 969 2115 τίθηκα·
988 2031 1128 2114 ἀναμίσον
1147 2039 1197 2099 τοῦ
1216 2032 1447 2115 εξαπατησαντος
1465 2059 1512 2096 και
1531 2036 1581 2096 τοῦ
1595 2031 1834 2114 εξαπιιτηθεντος.
1853 2031 1963 2114 τίρησιν
1982 2036 2104 2116 κεφαλης
2117 2059 2165 2096 και
2178 2033 2256 2116 πτίρ

605 2188 661 2243 νης.
683 2159 760 2244 καγώ
782 2164 829 2225 νόν
848 2161 1015 2236 καθοπλίζω
1037 2187 1113 2225 κατα
1134 2163 1183 2226 τοι]
1205 2159 1357 2244 δράκοντος
1375 2187 1424 2242 την
1442 2169 1604 2242 τρωθεῖσαν
1623 2161 1751 2242 πτίρναν.
1770 2185 1820 2223 τον
1833 2161 1927 2242 μηκίτι
1940 2159 2066 2242 χωλείαν
2080 2164 2129 2242 της
2142 2162 2257 2233 νοθείας

606 2287 683 2356 ὁδοῦ·
720 2271 786 2352 Ideo
804 2287 957 2370 κατὴρτισα
975 2286 1051 2370 ὑμῶν
1070 2313 1108 2351 τα
1127 2293 1186 2370 ἴχνη
1205 2296 1304 2352 πατεῖν
1322 2287 1418 2352 επάνω
1437 2285 1529 2370 όφεων
1548 2313 1595 2350 και
1614 2287 1754 2368 σκορπίων
1772 2311 1821 2350 και
1839 2310 1884 2350 επι
1903 2289 2001 2350 πᾶσαν
2016 2284 2065 2368 την
2080 2286 2193 2369 δύναμιν
2207 2291 2257 2351 τοῦ

607 2415 719 2498 ε’χθροῦ.
739 2442 787 2478 και
805 2419 883 2478 ονδεν
902 2412 975 2496 ὑμᾶς
993 2413 1026 2478 ori
1039 2441 1076 2497 μη
1091 2413 1267 2496 ἀδικόσωσιν·
1290 2440 1319 2478 εν
1332 2412 1523 2496 ιἰπερηφανεία
1537 2417 1673 2476 καθεῖλεν
1687 2411 1719 2476 τό
1733 2409 1808 2496 όψος
1822 2417 1872 2478 τοῦ
1886 2417 2012 2497 γηγενοῦς
2025 2412 2255 2496 πρωτοπλάστοιι.

606 2539 622 2608 ό
640 2543 798 2624 ψνθνρίσας
815 2540 865 2625 τόν
884 2540 1007 2624 ἔπαρσιν.
1026 2567 1055 2604 εν
1073 2544 1175 2624 τερπνη
1194 2545 1226 2624 τῆ
1248 2540 1287 2612 είς
1306 2541 1440 2624 αλληλονς
1458 2539 1622 2605 ταπεινώσει
1640 2539 1833 2605 καταλεάνιιτε
1848 2539 1933 2606 αι’ποῦ
1947 2539 1980 2606 τὸ
1994 2540 2138 2624 φρόαγμα·
2153 2540 2256 2622 ταίπην

606 2693 692 2734 παιτι
709 2669 804 2733 σθίνει
828 2666 1029 2750 μεταδιώξατε·
1081 2675 1146 2752 Εγω
1172 2660 1204 2740 κς
1225 2667 1241 2733 ό
1265 2673 1355 2740 διδους
1372 2667 1452 2752 χάριν
1470 2677 1529 2740 τοῖς
1543 2665 1763 2750 ταπεινόφροσιν.
1778 2665 1825 2732 καί
1841 2667 2073 2750 ἀντιτασσόμενος
2086 2678 2147 2739 τοῖς
2160 2665 2256 2750 όπεριμ

607 2795 719 2878 φόνοις·
763 2803 828 2878 Εγω
854 2789 887 2868 κς
914 2794 1024 2878 ἐγείρων
1050 2795 1135 2872 δόξαν
1161 2804 1219 2868 τοῖς
1239 2794 1460 2876 ταπεινόφροσιν.
1486 2791 1534 2858 καὶ
1554 2793 1782 2878 βδελυσσόμενος,
1804 2792 2008 2877 ὑπερηφάνως·
2038 2799 2112 2869 πάς,
2134 2793 2150 2859 ὁ
2172 2799 2256 2876 ὔψών

607 2922 706 2988 εαντὸν
727 2921 977 3005 ταπεινωθήσεται.
998 2917 1047 2986 καί
1068 2919 1236 2987 ὁταπεινών
1251 2920 1350 2987 εἀντόν
1370 2919 1569 3003 ὑψωθήσεται·
1613 2927 1672 2985 Δια
1692 2925 1775 2986 τοῦτο
1797 2921 1849 3004 ἐγώ
1872 2919 1933 3004 ὑμῖν
1954 2922 2119 3004 ε’ντελλομαι.
2139 2921 2256 3006 ἀγαπᾶν

609 3049 753 3133 ἀλληλοος·
776 3075 805 3113 εν
825 3048 914 3114 τοίπω
936 3049 1089 3132 γνώσονται
1110 3075 1221 3122 παντες.
1244 3047 1286 3114 ότι
1309 3048 1374 3132 ε’μοό
1391 3043 1523 3131 μαθηταὶ
1541 3047 1609 3112 ε’στε.
1632 3047 1683 3112 ε’ἀν
1705 3047 1817 3132 ἀγάπην
1837 3047 1914 3132 ἔχητε
1933 3047 1961 3112 ἐν
1980 3049 2117 3131 αλλήλοις·
2162 3049 2257 3113 Πάλιν

608 3177 674 3260 ἕρώ·
697 3175 782 3260 ὁρᾶτε
804 3173 951 3259 ἀγαπητοί.
975 3177 1089 3258 πηλίκον
1109 3181 1159 3260 της
1179 3155 1322 3259 παρούσης
1344 3174 1455 3252 ἐνδόξου
1477 3172 1580 3258 ι’γμίρας
1600 3201 1633 3240 το
1655 3175 1774 3258 ἀξίωμα.
1797 3175 1869 3258 πρὸς
1887 3175 1990 3258 ταύτην
2008 3175 2057 3259 rip
2076 3175 2256 3259 περιφάνειαν

606 3303 669 3386 ἡμῖν
683 3301 721 3368 τά
735 3302 932 3386 ἑορταζόμενα·
954 3295 995 3367 du
1009 3327 1172 3386 παροοσιαν.

713 3429 742 3492 F
745 3427 784 3493 ol.
801 3426 830 3490 3.
861 3429 883 3492 λ’
907 3431 973 3494 ’ίλεω
995 3440 1056 3513 ημῖν
1079 3429 1199 3514 γινίσθω
1223 3426 1240 3512 r}
1262 3429 1332 3492 θεία
1353 3428 1441 3512 χάρις.
1464 3429 1669 3510 ε’πιμνησθεῖσιν
1687 3454 1716 3492 εν
1736 3428 1877 3512 αγιωτάτη
1897 3429 2044 3512 πανηγόρει
2061 3433 2118 3494 τών
2136 3429 2255 3513 ἐναγῶν·

612 3559 766 3640 Τοιγαροῦν
784 3557 1037 3641 μεταλαμβάνωμεν
1056 3555 1131 3640 ἡμεῖς
1150 3560 1198 3639 τῆς
1217 3558 1358 3639 αοτοζωίης
1376 3560 1467 3638 σῶμα.
1487 3561 1536 3639 τῆς
1550 3561 1576 3620 δι
1588 3561 1662 3638 ημᾶς
1676 3555 1705 3619 ίν
1719 3560 1760 3620 τώ
1776 3555 1896 3639 ι’γμετιρω
1910 3555 2054 3638 φαράαατι.
2068 3556 2256 3639 σκηνωσάσης.

608 3681 648 3756 ὡς
665 3680 748 3766 φησίν
768 3681 783 3750 ό
802 3685 953 3757 θεσπέσιος
973 3684 1103 3765 ϊωάννης·
1121 3679 1183 3750 Ὅτι
1201 3682 1218 3766 ίγ
1234 3682 1289 3766 ζωὴ
1304 3682 1485 3766 ἐφανερώθη·
1500 3709 1547 3747 και
1562 3689 1655 3756 αὖθις.
1670 3679 1718 3747 καλ
1732 3676 1803 3757 όθς
1816 3683 1897 3768 λόγος
1911 3686 1983 3766 σαρξ
2003 3683 2107 3766 ε’γενετο
2121 3710 2169 3748 και
2183 3683 2257 3766 ε’σνίγ

608 3835 702 3875 νωσεν.
724 3815 786 3883 πώς
806 3811 845 3883 είς
864 3809 935 3894 ζωίγν
955 3811 1065 3875 αιώνιον
1085 3835 1245 3893 κηριττεται
1263 3836 1292 3874 εν
1311 3821 1380 3892 ημῖν.
1400 3807 1431 3882 ός
1450 3810 1523 3875 ἐστιν
1541 3803 1609 3894 rip—c
1628 3809 1644 3876 ὁ
1663 3803 1758 3884 ο-ςτοῦ
1771 3803 1813 3875 θα
1827 3815 1876 3876 τοῦ
1892 3814 2006 3886 ζῶντος·
2029 3809 2098 3884 όείς
2112 3815 2160 3894 της
2174 3810 2258 3894 ἁγίας

607 3937 730 4020 τριάδος·
752 3964 799 4002 και
816 3939 929 4020 πίνομεν
948 3937 1034 4003 αὐτοῦ
1051 3963 1085 4002 το
1104 3948 1175 4021 αἷμα
1193 3963 1226 4002 το
1241 3937 1326 4021 ἀγων.
1341 3938 1380 4010 είς
1393 3937 1512 4020 ἱλασμὸν
1526 3943 1583 4002 τών
1604 3937 1740 4020 ι’γμετερων
1753 3937 2002 4020 παραπτωμάτων.
2019 3965 2067 4002 και
2080 3938 2195 4020 με’θεξιν
2208 3943 2258 4021 τῆς

609 4063 638 4128 ἒν
660 4069 736 4128 amai
758 4063 936 4138 ἀθανασίας·
958 4064 1130 4138 πιστείοντες
1153 4061 1221 4148 ἅμα·
1242 4061 1286 4130 ὅτι
1307 4089 1359 4148 περ
1382 4063 1467 4136 αι’πός
1487 4065 1562 4128 πελει
1583 4065 1668 4148 ϊερεός
1688 4092 1735 4128 και
1757 4066 1857 4129 θυσία·
1881 4063 1966 4138 αιἰνός
1987 4065 2003 4129 ὁ
2025 4067 2190 4148 προσφέρων
2211 4092 2259 4130 και

610 4189 838 4274 προσφερόμενος.
858 4188 906 4256 καλ
925 4191 1079 4275 δεχόμενος·
1102 4218 1138 4274 μη
1158 4197 1323 4274 θεωροῦντες
1342 4192 1381 4264 είς
1399 4191 1447 4255 δόο
1466 4191 1607 4274 πρόσωπα
1624 4218 1673 4274 την
1692 4193 1777 4256 θείαν
1797 4189 1845 4255 καί
1866 4192 2068 4256 ἀδιάσπαστον.
2083 4219 2130 4256 και
2145 4191 2215 4274 πρός
2229 4217 2259 4275 γε

608 4321 690 4382 τοίτο
710 4317 862 4400 ἀσνγγυτον
883 4319 978 4382 ἕνωσιν
996 4322 1046 4382 τοῦ
1065 4317 1126 4391 ἑνός
1144 4322 1193 4401 τῆς
1211 4320 1348 4400 παντιμοιι
1365 4317 1489 4402 τριάδος·
1511 4311 1535 4383 oi
1555 4317 1571 4402 όγ
1591 4317 1661 4396 δόξα
1680 4346 1728 4384 και
1742 4319 1922 4402 προσκόνησις
1935 4345 1986 4384 σαν
1999 4312 2051 4402 πρῖ
2062 4317 2109 4384 καλ
2125 4311 2258 4404 ἀγίω-πῖι

609 4445 649 4518 είς
662 4443 727 4516 τοὺς
741 4439 927 4529 ἀπε[ράντοιις
942 4445 1048 4518 αιίόνας
1062 4441 1129 4531 τών]
1147 4444 1256 4510 αἰώνων
1271 4445 1359 4528 ἀμήνι

714 4569 807 4635 Haec
823 4571 940 4652 omnia,
959 4571 1024 4634 nisi
1039 4569 1142 4654 fallor,
1163 4570 1324 4635 eiusmodi
1339 4581 1414 4636 eunt
1428 4582 1464 4636 ut
1477 4573 1639 4638 neminem
1654 4573 1759 4657 magia
1776 4594 1872 4658 quam
1885 4571 2053 4638 Andream
2067 4573 2257 4662 Hierosoly·

608 4700 765 4763 mitanum
792 4697 861 4762 aive
885 4695 1092 4782 Cretensem,
1121 4699 1176 4785 qui
1202 4697 1311 4764 modio
1340 4697 1470 4764 saeculo
1495 4701 1632 4786 septimo
1655 4699 1787 4784 claruit,
1812 4709 1979 4765 auctorem
2002 4700 2152 4786 prodant.
2203 4698 2259 4766 Ad

607 4827 700 4912 ipsae
726 4823 875 4890 homiliae
906 4847 927 4890 a
951 4823 1123 4890 GaIlandio
1151 4825 1186 4890 in
1206 4823 1444 4891 Bibliothecam
1466 4836 1614 4892 veterum
1635 4836 1765 4914 patrum
1786 4837 1863 4892 tom.
1887 4827 1979 4892 XIII.
2003 4838 2152 4916 receptas
2176 4827 2259 4894 haec

608 4952 791 5038 fragmenta
804 4975 871 5017 non
885 4953 1057 5039 pertinent,
1074 4974 1270 5039 quamquam
1284 4953 1408 5040 passim
1425 4953 1543 5018 similia
1557 4953 1718 5038 leguntur.

714 5079 761 5143 D:
785 5078 864 5145 folia
879 5079 943 5144 duo
958 5080 1083 5146 formae
1099 5089 1243 5167 quartae,
1258 5079 1393 5146 madore
1409 5089 1441 5146 et
1455 5090 1589 5147 veterno
1605 5081 1689 5147 malo
1705 5082 1832 5165 affecta,
1852 5083 1976 5168 passim
1991 5081 2089 5146 etiam
2104 5080 2257 5166 lacerata,

610 5206 793 5272 deformata
825 5208 922 5273 etiam
953 5206 1030 5272 indo
1065 5207 1153 5295 quod
1182 5207 1288 5272 codici
1315 5207 1397 5273 aiiua
1426 5209 1551 5274 formae
1580 5208 1794 5275 accomodata
1823 5219 1855 5274 et
1884 5209 2087 5296 agglutinata
2118 5209 2257 5274 fuerant.

611 5333 779 5420 Scriptura
792 5335 870 5400 noni
885 5333 1006 5400 saeculi
1022 5357 1095 5400 eoae
1110 5334 1253 5419 αἰδοίοις
1278 5336 1410 5423 spiritus
1428 5345 1460 5400 et
1474 5346 1627 5402 accentus
1644 5359 1743 5424 saepe
1759 5337 1997 5420 desiderantur,
2014 5336 2074 5401 sed
2089 5337 2187 5402 etiam
2202 5337 2259 5422 qui

611 5459 767 5546 adscripti
789 5469 864 5527 eunt
884 5461 941 5526 vix
963 5463 1053 5526 cerni
1073 5472 1221 5550 possunt.
1272 5463 1441 5550 Nusquam
1462 5463 1536 5551 plna
1560 5487 1707 5531 errorum
1731 5487 1773 5530 ex
1795 5465 1944 5530 itacismo
1969 5473 2001 5530 et
2019 5463 2259 5551 permutatione
