5244 6618
1989 717 2031 784 55

489 920 533 986 B:
556 919 636 986 folia
652 919 714 984 110
734 915 961 1005 (numerantur
976 918 1047 1002 108,
1068 916 1128 984 sod
1147 927 1301 1004 quattuor
1323 915 1364 986 ab
1383 919 1475 984 initio
1497 918 1649 986 addenda
1669 929 1757 1003 sunt,
1783 919 1847 986 duo
1866 943 1946 988 vero
1967 921 1987 986 9
2003 931 2036 988 et

386 1047 436 1113 10.
449 1044 582 1133 desunt)
598 1047 632 1111 in
645 1047 695 1130 4⁰,
710 1047 834 1111 recenti
848 1047 1006 1110 memoria
1020 1053 1053 1110 et
1066 1053 1103 1109 ut
1116 1043 1247 1112 videtur
1260 1045 1295 1110 in
1310 1055 1419 1112 monte
1428 1044 1584 1112 Sinaitico
1601 1047 1732 1134 scripta.
1761 1047 1866 1135 Pagg.
1883 1050 2034 1116 12-48.

386 1173 479 1240 1-8.
523 1171 608 1238 Sunt
625 1172 784 1239 formulae
804 1172 846 1238 ad
865 1195 945 1238 usus
964 1171 1134 1256 liturgicon
1153 1171 1206 1238 val
1222 1171 1344 1238 similes
1361 1174 1571 1257 compositae,
1586 1183 1623 1240 ut
1635 1177 1687 1250 Εἰς
1700 1179 1857 1264 πρισβςίαν,
1872 1175 1921 1244 καὶ
1934 1177 2035 1262 φήμήν,

384 1301 430 1368 τ’πί
451 1303 602 1386 τραπέζης,
628 1303 667 1376 είς
692 1301 743 1368 τὸν
770 1298 953 1384 αι’κουμινιαὸν
974 1299 1155 1384 πατριάρχήν.
1206 1301 1293 1366 Marci
1315 1301 1365 1385 τήν
1385 1301 1477 1385 φήμην
1497 1306 1548 1368 τοῦ
1569 1302 1784 1387 ἀρχιεπισκάπου
1805 1306 1924 1370 Σιναίου
1944 1302 2034 1389 ὅρους.

386 1429 473 1497 Marri
487 1428 537 1512 τήν
550 1430 642 1514 φήμήν
656 1434 706 1496 τοῦ
719 1433 921 1512 μητροπολιτου
934 1426 1056 1512 Κρήτης.
1084 1425 1165 1513 Peg.
1183 1427 1221 1492 ll
1240 1449 1309 1514 sqq.
1328 1429 1365 1495 Οἱ
1378 1429 1437 1496 ἀπὸ
1453 1433 1580 1512 Χριστοῦ
1593 1429 1853 1516 πατριαρχήσαντες
1867 1429 2035 1509 euagon

384 1559 470 1641 ὀρείᾳ.
513 1555 647 1620 Initium
668 1555 706 1620 fit
727 1579 747 1620 a
761 1555 875 1621 Marco
900 1552 1110 1638 evangelista.
1152 1554 1235 1620 Post
1253 1560 1361 1639 κοσμιῖς
1379 1554 1395 1622 ὁ
1414 1554 1463 1621 καί
1480 1557 1655 1640 χρηματίσας
1672 1557 1808 1642 πρότερον
1822 1581 2035 1624 κανσταντινου

384 1683 493 1758 πόλεως
513 1683 690 1770 posteriori
712 1705 810 1748 manu
832 1681 944 1748 addita
965 1691 1041 1746 sunt
1062 1683 1196 1747 nomina
1213 1681 1312 1747 haec:
1335 1687 1443 1766 κοσμάς
1460 1683 1553 1767 ἕτερος
1572 1683 1588 1750 ὁ
1607 1683 1666 1750 ἀπὸ
1685 1687 1839 1758 πισσιδιας·
1858 1684 2034 1768 portatori

384 1943 500 2024 μετρῶν.
542 1937 669 2002 Rursus
688 1937 863 2002 recentiori
881 1957 981 2001 manu
995 1935 1141 2001 additum
1157 1945 1208 2001 est
1221 1938 1383 2021 παρθένιος.
1425 1936 1508 2023 Pag.
1525 1935 1660 2002 15-17.
1675 1937 1795 2024 legitur
1808 1938 1965 2024 κατάλογος
1978 1944 2035 2005 τῶν

384 2067 460 2134 κατὰ
481 2065 594 2150 καιροὺς
615 2069 798 2149 πατριαρχῶν
820 2065 983 2148 ἀντιοχείας.
1033 2063 1164 2128 Primus
1191 2071 1255 2128 est:
1285 2063 1319 2130 Ὁ
1345 2061 1424 2148 ἀμος
1444 2066 1545 2148 πάτρος
1566 2063 1740 2142 ἀπόστολος,
1763 2065 1822 2133 ἀπὸ
1841 2071 1955 2152 χριστοῦ
1975 2071 2034 2132 λου.

386 2192 509 2258 Ultima
522 2193 656 2258 nomina
670 2201 758 2256 sunt:
774 2193 934 2276 σάήεστρος
948 2187 1016 2275 (cui
1030 2189 1228 2256 adscribitur
1242 2213 1347 2256 annus
1363 2193 1454 2276 αφκά
1469 2193 1489 2254 i.
1506 2213 1534 2256 e.
1552 2189 1660 2278 1824).
1675 2194 1811 2276 φιλήματ’
1832 2193 1939 2276 torelli·
1955 2191 2035 2258 άνθι

384 2349 437 2408 μσς
459 2318 555 2406 (baec
576 2319 640 2384 tria
661 2319 773 2385 addita
795 2327 871 2384 sunt
893 2317 957 2384 alia
978 2314 1100 2404 manu).
1144 2317 1225 2403 Pag.
1246 2318 1287 2383 27
1310 2340 1380 2405 sqq.
1404 2320 1435 2384 αί
1454 2323 1495 2400 τῷ
1512 2325 1704 2404 πατριαρχικῷ
1722 2321 1819 2406 θρόνῳ
1838 2320 2036 2404 ἀλυξανᾱρείας

385 2450 561 2532 ὑποκείμεναι
578 2447 760 2532 μητροπόλεις
779 2444 827 2512 καί
845 2447 1002 2521 ἕπισκοπαί,
1024 2443 1123 2519 αίτινες
1141 2446 1303 2524 διεσώζοντο
1322 2448 1398 2530 μίχρι
1417 2451 1467 2530 τής
1481 2445 1614 2520 α’λαάσυως
1628 2447 1762 2531 αἰγίπτου
1776 2445 1831 2515 ὑπὸ
1845 2453 1903 2513 τῶν
1917 2447 2034 2530 tompo-

385 2582 450 2643 rsir.
492 2575 574 2661 Peg.
590 2575 641 2640 30.
665 2572 794 2658 ἐπιστολή
809 2581 838 2640 α’
860 2575 1019 2659 σιλβιστρου
1032 2572 1206 2657 πατριάρχου
1221 2573 1377 2656 ἀντιοχείας
1394 2573 1465 2657 πρὸς
1484 2573 1534 2640 τὸν
1551 2577 1753 2658 μήτραπολίτήν
1772 2575 1869 2639 καίων
1883 2573 1933 2658 alo
1947 2573 2031 2639 rost»

386 2731 454 2771 σιον.
496 2700 655 2766 Eiusdem
675 2699 825 2766 Silvestri
847 2709 1027 2786 sequuntur
1043 2721 1115 2787 epp.
1139 2698 1222 2765 aliae
1245 2709 1312 2764 tres
1337 2721 1411 2764 oum
1430 2698 1567 2765 aliorum
1587 2699 1761 2766 nonnullis.
1804 2700 1885 2785 Peg.
1901 2699 1943 2765 43
1964 2723 2034 2787 sqq.

390 2837 458 2898 Τῶν
478 2832 649 2913 θαυμασίου
671 2825 719 2894 καί
737 2831 825 2895 deum
844 2828 954 2912 deipsis
972 2827 1009 2893 τά
1030 2827 1156 2910 ὀνόματα
1174 2825 1223 2892 καί
1242 2827 1281 2894 τά
1300 2828 1354 2910 ἔτη.
1397 2823 1450 2891 Ab
1464 2825 1593 2893 Adamo
1614 2829 1741 2892 iniu'um
1756 2827 1807 2912 fit3
1830 2825 1944 2892 ultimo
1959 2826 2033 2893 loco

387 2958 429 3024 de
445 2953 730 3042 Constantinopoli
748 2976 809 3041 per
822 2954 948 3020 'Furcas
971 2951 1012 3040 (oi
1032 2951 1177 3040 ἀμαρινοί)
1198 2961 1294 3040 capta
1312 2953 1462 3020 refertur.
1504 2954 1586 3041 Pag.
1601 2954 1642 3020 51
1663 2964 1697 3020 et
1716 2977 1806 3042 seqq.
1826 2955 1864 3020 τά
1882 2956 1956 3021 ἑπτὰ
1969 2981 2034 3039 μυσ-
2085 3015 2087 3019 ,

386 3086 468 3170 τήρια
488 3089 537 3168 τῆς
559 3084 711 3167 ἐκκλησίας.
741 3081 864 3148 αίὲπτά
885 3079 1046 3166 ἀποσχίσας
1067 3086 1117 3166 τῆς
1141 3083 1268 3155 abacuc.
1290 3081 1328 3146 τά
1350 3081 1423 3148 ἑπτά
1444 3065 1596 3166 θανάσιμα
1618 3082 1823 3167 ἁμαρτήματα,
1850 3090 1883 3148 et
1905 3080 2032 3147 similia.

386 3212 467 3297 Peg.
483 3211 523 3276 57
540 3232 610 3296 sqq.
626 3211 872 3294 ἀνακεφαλαίωσιν
885 3213 942 3274 τοῖν
957 3208 1121 3294 ἁγιωτάτων
1135 3215 1325 3293 πατριαρχῶν,
1340 3215 1398 3275 τῶν
1410 3208 1577 3294 ὁροθεσάον,
1599 3208 1646 3276 καί
1660 3212 1864 3294 συναρίθμησις
1876 3214 1934 3274 τῶν
1949 3209 2034 3276 ἀποσ-

386 3343 502 3405 rumor
529 3337 651 3422 θρόνων.
703 3335 889 3422 Sequuntur
911 3334 1037 3400 similia.
1075 3334 1157 3420 Peg.
1178 3335 1313 3400 71-73.
1336 3333 1455 3420 legitur
1474 3336 1661 3423 χρυσάβουλον
1683 3343 1733 3403 τοῦ
1755 3337 1882 3419 ἀοιδιμου
1900 3337 2035 3421 tondebo

384 3467 586 3540 Ἰουστινιανοῦ,
605 3463 622 3532 ὃ
643 3463 804 3549 ἐδωρήσατο
821 3465 861 3537 εἰς
878 3463 928 3530 τὸν
945 3467 995 3529 τοῦ
1013 3467 1077 3529 σινά
1096 3462 1178 3546 ὄρους
1196 3461 1351 3547 ν’ῃνοάμυνον.
1394 3462 1478 3527 Vide
1493 3464 1589 3528 infra.
1617 3463 1698 3548 Pag.
1715 3461 1756 3527 75
1772 3485 1841 3549 sqq.
1857 3464 1891 3531 τὸ
1905 3468 2035 3546 καθῆκον

386 3591 434 3660 καὶ
452 3589 518 3676 ὅρος
537 3597 587 3658 τοῦ
607 3594 750 3677 βασιλάος.
771 3589 830 3660 ἀπὸ
850 3596 899 3656 τοῦ
918 3591 1033 3674 νομιμου
1046 3591 1158 3675 βιβλίου,
1177 3591 1325 3674 βασιλαίου,
1345 3589 1743 3666 κωνσταντάουκαὶλίοντος,
1759 3589 1883 3658 ἀπὸτοῦ
1899 3597 1928 3655 α’
1941 3592 2034 3656 τίτλον

387 3747 446 3805 κεφ.
461 3730 504 3796 θ’,
524 3729 557 3784 et
577 3717 705 3784 similis.
748 3717 829 3802 Peg.
845 3716 885 3781 87
907 3739 977 3804 sqq.
998 3725 1210 3781 recensentur
1228 3716 1266 3783 τά
1285 3717 1381 3800 ὀφίκια
1400 3721 1449 3782 τοῦ
1468 3721 1624 3795 παλατίους
1645 3718 1723 3781 item
1737 3739 1813 3803 pag.
1831 3716 1873 3781 92
1889 3737 1959 3802 sqq.
1974 3713 2036 3784 ὅσοι

387 3847 594 3914 ε’πισκόπτυσαν
614 3846 643 3911 ἐν
660 3847 805 3932 βυζαντίφ.
848 3844 977 3908 Horum
994 3844 1119 3931 primus
1139 3851 1190 3908 est
1203 3840 1353 3908 Andreas
1369 3841 1552 3930 apostolum
1576 3853 1722 3908 extremo
1736 3842 1810 3908 loco
1825 3841 1908 3907 haec
1922 3840 2034 3926 legun-

387 3983 454 4039 tur:
476 3971 525 4040 καί
543 3974 649 4058 γέγονεν
669 3972 685 4038 ὁ
705 3971 945 4056 ἀδριανουπάλτοις
962 3970 1107 4056 γερμανάς·
1129 3971 1215 4037 αι’ποῦ
1232 3968 1262 4035 δὲ
1276 3971 1459 4054 ἕκβλήθάντος
1474 3971 1598 4055 ἀνῆλθεν
1611 3972 1651 4044 τίς
1664 3970 1713 4038 τὸν
1726 3970 1833 4055 θρόνον
1847 3969 1938 4054 ιὀισήφ
1953 3968 1969 4035 d
1983 3973 2033 4035 τοῦ

387 4103 517 4188 φαίήσίου
531 4100 685 4186 ήγοάμενος,
701 4099 771 4185 ἀνήρ
784 4099 953 4182 θαυμαστὸς
967 4099 1017 4165 τὸν
1030 4100 1090 4184 βίον
1103 4094 1151 4162 καὶ
1166 4097 1313 4183 ὁμολογίας
1327 4098 1457 4182 στεφάνῳ
1473 4099 1678 4181 κεκοσμημένος.

494 4226 535 4293 0:
558 4226 638 4292 folia
660 4227 681 4291 6
706 4228 740 4292 in
762 4226 803 4290 4⁰
824 4235 899 4292 ante
922 4224 1045 4312 aliquot
1067 4223 1200 4290 saecula
1220 4247 1319 4288 manu
1339 4221 1467 4289 Graeca
1489 4227 1620 4311 scripta.
1663 4223 1735 4289 Fol.
1751 4223 1781 4290 3.
1804 4224 1964 4310 incipiunt
1985 4227 2035 4290 τοῦ

388 4354 468 4440 ἁγίου
485 4354 533 4422 καί
554 4353 711 4424 ὁσιιοτάτου
728 4356 837 4438 πατρὸς
856 4353 934 4440 ήμῶν
952 4353 1040 4420 ίσαάκ
1061 4357 1111 4420 τοῦ
1129 4351 1323 4437 ἀναχωρητοῦ·
1345 4351 1362 4418 ὁ
1380 4351 1452 4436 πρὸς
1471 4352 1504 4420 τὸ
1518 4353 1598 4427 τιλος
1611 4357 1661 4436 τῆς
1673 4353 1769 4438 dclii-ov
1783 4351 1869 4418 αι’ποῡ
1883 4352 1964 4437 λόγος
1977 4358 2033 4434 κη’·

386 4475 468 4567 irrora
491 4484 517 4548 oi
529 4487 631 4566 θρήνυι
645 4482 731 4548 αὐτοῦ
745 4483 977 4559 οἱταλανιῒοντες
990 4480 1055 4554 τοὺς
1070 4479 1209 4554 ἀτάκτους
1221 4477 1367 4564 μοναχοάς.
1412 4477 1594 4566 Supersunt
1608 4484 1708 4564 θρῆνοι
1723 4487 1751 4545 α’
1766 4501 1870 4565 usque
1885 4487 1928 4544 rr
1943 4487 1975 4542 et
1993 4481 2035 4556 κζ’

387 4631 491 4696 usque
505 4617 558 4692 pot

493 4735 541 4800 D:
565 4734 644 4801 folia
661 4734 703 4800 48
716 4735 751 4799 in
769 4735 809 4799 4⁰
824 4733 946 4799 saeculi
961 4733 1031 4798 fore
1047 4731 1129 4798 sexti
1143 4731 1270 4797 decimi.
1314 4731 1398 4798 Sunt
1412 4733 1504 4798 varia
1517 4733 1670 4818 liturgica
1684 4754 1767 4820 quae
1782 4730 1972 4818 plerumque
1987 4731 2035 4796 in·

387 4863 654 4950 terpretationem
675 4859 850 4926 Arabicam
873 4863 907 4924 in
932 4860 1079 4944 margine
1105 4859 1304 4944 adscriptam
1333 4857 1464 4924 habent.
1515 4859 1714 4925 Litterarum
1740 4857 1912 4924 initialium
1934 4855 2033 4924 rubro

389 4990 584 5076 scriptarum
597 5010 718 5074 magna
731 5011 809 5075 pars
825 5011 899 5053 cum
914 4995 984 5053 arte
999 4988 1088 5053 facta
1102 4994 1160 5050 est.

388 5259 491 5314 inisse:
509 5257 540 5312 τὸ
556 5257 643 5328 πυράν
658 5259 759 5326 βιβλίον
774 5259 843 5311 ἐστὶν
858 5259 907 5309 τοῦ
924 5253 1001 5321 olrico
1017 5258 1062 5308 rut
1076 5256 1258 5322 θευβαδίστου
1269 5253 1346 5324 ὄρους
1357 5257 1435 5318 Σινά,
1446 5257 1490 5307 καί
1501 5251 1572 5314 ὅστις
1584 5252 1720 5325 ὑπερήσει
1731 5253 1785 5308 ἀπὸ
1797 5255 1844 5322 τήν
1856 5251 1934 5318 ἀμίαν
1944 5253 2033 5323 μονήν,

388 5341 421 5396 τά
437 5348 489 5410 ἔχει
505 5343 553 5402 τάς
570 5343 637 5414 ἀράς
651 5346 702 5396 τῶν
713 5339 792 5408 ἁγίαν
803 5345 921 5412 πουτίρυιτ
933 5344 977 5393 καί
987 5344 1033 5408 τῆς
1044 5339 1239 5403 ἀκαταφλίττου
1250 5338 1343 5406 βάτου.
1379 5336 1546 5394 Cuiusmodi
1559 5338 1810 5394 oblectationum
1823 5339 1971 5394 codicibus
1984 5355 2033 5394 un-

388 5427 476 5500 tiquis
490 5427 656 5498 saepissim0
672 5427 869 5496 inveniuntur3
887 5425 924 5482 cf.
942 5425 1064 5496 exempli
1081 5439 1185 5480 caussa
1202 5422 1427 5494 subscriptiones
1445 5423 1529 5479 codd
1546 5423 1616 5494 Imp.
1632 5424 1698 5480 Par.
1710 5423 1744 5478 52
1756 5429 1786 5480 et
1796 5424 1855 5478 376.
1867 5441 1885 5479 a
1898 5421 2033 5481 Scholaio

389 5513 546 5584 exscriptas
560 5513 589 5567 in
600 5511 883 5568 Biblisch-kritiscbe
894 5509 981 5566 Reise
993 5509 1049 5580 p.4
1060 5516 1089 5564 et
1099 5509 1123 5564 8.
