5244 6618
621 737 664 806 32

620 941 751 1016 καὶτῶν,
773 965 804 1004 Β.
820 942 870 1006 16.
892 941 1069 1028 modae,
1092 963 1123 1006 Β.
1141 939 1190 1006 18.
1212 949 1297 1028 53qu.
1318 971 1371 1026 μον
1394 943 1423 1008 εἴ
1441 949 1473 1006 et
1494 939 1537 1009 ὅτι
1555 941 1571 1010 ὁ
1590 943 1666 1015 δεός.
1725 940 1780 1006 ΡΒ.
1796 939 1847 1006 59.
1868 937 1914 1026 (Β.
1931 941 1959 1006 l.
1979 939 2022 1010 ότι
2034 963 2095 1028 pro
2112 939 2164 1026 ἔτι)
2186 963 2217 1004 Β.
2234 939 2265 1004 2.

621 1069 766 1154 όνεπόρισε
784 1077 817 1133 et
835 1069 974 1146 ἐπόταξεν
989 1068 1018 1134 όν
1031 1073 1066 1152 τή
1079 1069 1210 1154 φάραγγι,
1229 1079 1400 1156 praeterea
1415 1090 1477 1134 om.
1498 1067 1545 1135 καὶ
1561 1069 1668 1153 ε’πὲστρ.
1682 1067 1780 1152 Ἰωάβ,
1796 1091 1826 1132 Β.
1843 1067 1873 1131 6.
1890 1090 1952 1133 om.
1969 1068 2060 1154 διόψ,
2074 1091 2106 1134 Β.
2121 1069 2151 1133 9.
2167 1065 2266 1132 habet

623 1202 784 1281 Μανασσῆς
805 1198 976 1281 θῒἘφραήι,
998 1219 1028 1260 Β.
1046 1195 1095 1260 11.
1117 1193 1134 1280 ἢ
1156 1199 1199 1270 τίς
1218 1195 1350 1281 ὁδηγήσει,
1371 1218 1403 1261 Β.
1424 1196 1473 1260 14.
1496 1197 1659 1280 ποιήσωμεν.
1716 1193 1772 1260 ΡΒ.
1793 1195 1843 1259 60.
1865 1219 1897 1260 Β.
1915 1197 1943 1260 1.
1966 1205 2042 1284 post
2062 1197 2154 1263 Awd
2176 1193 2268 1260 addit

622 1325 743 1408 ψαλμός,
765 1347 797 1388 Β.
812 1324 842 1388 3.
866 1324 1024 1410 seriptum
1045 1331 1096 1388 est
1110 1321 1268 1406 όκηδιόσαι,
1291 1346 1321 1389 Β.
1336 1323 1365 1388 5.
1390 1325 1575 1410 όντήαιότγ
1595 1333 1627 1388 et
1646 1344 1708 1388 om.
1728 1323 1886 1408 διόψανμα,
1909 1347 1939 1386 Β.
1955 1321 1985 1386 6.
2006 1331 2057 1388 est
2070 1323 2165 1408 εόχόν,
2188 1346 2219 1387 Β.
2236 1322 2265 1387 7.

622 1451 724 1536 ήμόραν
742 1451 783 1535 ἐφ’
803 1450 906 1535 ήμόρας
924 1455 974 1518 τοῦ
991 1457 1072 1536 βασ.,
1094 1473 1125 1514 Β.
1141 1449 1170 1514 8.
1191 1472 1254 1514 om.
1275 1449 1380 1527 αὐτόν,
1404 1474 1435 1515 Β.
1451 1451 1481 1516 9.
1502 1459 1553 1516 est
1570 1453 1610 1524 εἰς
1623 1449 1688 1524 τοὺς
1703 1452 1810 1524 αἰῶνας
1823 1454 1872 1517 τοῦ
1887 1449 1936 1548 ἀνι.
1950 1477 1992 1533 με.
2050 1449 2105 1514 ΡΒ.
2121 1449 2172 1514 61.
2188 1472 2219 1512 Β.
2238 1449 2266 1512 1.

622 1579 704 1656 Δόξα
718 1578 757 1651 εἰς
771 1586 804 1641 et
815 1576 958 1662 Ἰδιθοόμ,
978 1601 1009 1642 Β.
1024 1577 1054 1642 2.
1069 1577 1135 1662 παρ’
1153 1577 1242 1659 αὐτῷ,
1262 1601 1293 1642 Β.
1308 1577 1339 1642 4.
1354 1578 1458 1652 πάντες
1472 1579 1559 1663 ὑμεῖς,
1579 1601 1608 1642 Β.
1624 1577 1645 1642 5
1661 1585 1693 1642 et
1707 1578 1736 1642 9.
1753 1576 1845 1642 deest
1860 1577 1955 1660 διόψ,
1975 1599 2005 1640 Β.
2022 1577 2051 1640 6.
2068 1587 2119 1642 est
2132 1575 2267 1660 όποταγή

621 1729 700 1772 σεται
714 1713 746 1768 et
760 1705 826 1788 παρ’
844 1705 933 1786 αὐτῷ,
953 1727 982 1769 Β.
1000 1705 1028 1770 7.
1044 1703 1160 1789 καὶγὰρ
1175 1705 1271 1780 αὐτός,
1290 1728 1320 1770 Β.
1336 1707 1366 1772 9.
1381 1711 1459 1772 λαῶν
1474 1715 1506 1769 et
1520 1705 1644 1790 ε’κχὲατε,
1664 1729 1694 1768 Β.
1713 1705 1761 1768 11.
1778 1701 1922 1789 ἅρπαγμα
1979 1703 2039 1770 ΡΒ.
2055 1703 2106 1768 62.
2126 1726 2157 1767 Β.
2176 1703 2203 1766 1.
2218 1707 2268 1786 τῆς

620 1835 778 1908 Ἰουδαίας,
800 1855 830 1896 Β.
847 1831 876 1895 2.
893 1833 966 1918 ε’δόμ.
982 1859 1026 1908 σι,
1049 1856 1080 1896 Β.
1096 1831 1126 1896 6.
1147 1831 1187 1906 ὡς
1204 1833 1234 1896 ἐκ
1252 1833 1370 1908 στέατος
1384 1843 1416 1898 et
1430 1834 1530 1899 αι’νεόσει
1544 1833 1576 1899 τὸ
1591 1833 1682 1917 στόμα
1695 1859 1756 1916 μον,
1779 1855 1810 1895 Β.
1826 1832 1855 1896 9.
1872 1832 1937 1916 όμοό
1952 1835 1988 1898 δέ.
2046 1831 2100 1896 ΡΒ.
2117 1829 2168 1895 63.
2188 1854 2218 1894 Β.
2235 1829 2266 1894 2.

621 1965 716 2044 φωνῆς
729 1981 789 2045 pro
804 1964 853 2043 τῆς
866 1985 923 2044 πρ,
937 1982 968 2024 Β.
977 1959 1006 2024 3.
1023 1961 1173 2034 σκεόιασον,
1189 1981 1219 2024 Β.
1227 1958 1257 2022 4.
1273 1959 1355 2038 τόξον
1369 1960 1469 2036 αὐτῶν,
1484 1983 1514 2024 Β.
1525 1959 1555 2024 5.
1570 1961 1772 2046 φοβγθήσεται,
1787 1981 1818 2024 Β.
1829 1957 1858 2021 6.
1875 1961 1989 2042 παγίδα,
2005 1981 2035 2022 Β.
2045 1959 2073 2024 7.
2091 1959 2267 2043 τξερεόνησατ

623 2096 656 2152 et
667 2087 852 2171 εξερειαήσεις,
861 2109 891 2150 Β.
901 2086 929 2150 9.
939 2085 1179 2169 τ’ξησδόνησανὲνί
1188 2085 1295 2161 αιάοόις.
1314 2085 1354 2151 In
1365 2085 1429 2150 fine
1442 2085 1559 2173 psalmi
1573 2086 1718 2152 additum
1731 2095 1781 2150 est
1790 2085 1872 2164 δόξα·
1886 2087 2055 2168 καθόσματα
2069 2095 2103 2169 ιγ’.
2146 2085 2205 2149 ΡΒ.
2215 2084 2265 2149 64.

624 2237 653 2278 Β.
664 2219 692 2278 1.
707 2225 782 2300 post
795 2213 852 2299 ὠδή
867 2213 1013 2278 additum
1027 2221 1078 2276 est
1090 2211 1224 2297 Ἰερεμίαν
1238 2211 1286 2278 καὶ
1298 2213 1428 2298 Ἰεζεκιήλ
1441 2211 1489 2278 καὶ
1502 2219 1551 2280 τοῦ
1564 2217 1634 2280 λαοῦ
1644 2217 1694 2297 τής
1705 2213 1862 2296 παροινιόες,
1877 2211 1923 2280 ὅτε
1934 2213 2044 2296 ἔμεόόον
2056 2213 2266 2296 ἐκπορεύεσθαι,

623 2365 652 2405 Β.
660 2341 690 2404 2.
702 2351 752 2405 est
766 2340 829 2426 εὐχή
844 2343 872 2405 ἕν
884 2340 1077 2424 Ἰερουσαλήμ,
1091 2363 1122 2404 Β.
1131 2340 1161 2404 4.
1177 2351 1240 2414 ταῖς
1255 2341 1393 2426 ἀσεβείαις
1401 2336 1536 2426 (ibidem
1548 2349 1598 2404 est
1608 2337 1885 2426 ν’νπερηδννοίμονσαν),
1893 2363 1923 2404 Β.
1932 2338 1961 2402 6.
1974 2339 2148 2422 Mal-dedu
2162 2345 2267 2424 μακρᾷ,

623 2492 653 2532 Β.
672 2469 699 2532 7.
725 2470 753 2536 όν
775 2473 808 2551 τή
828 2469 881 2553 ι’σχ.
902 2467 1000 2542 αότοῦ,
1022 2491 1053 2532 Β.
1071 2467 1099 2530 8.
1122 2465 1164 2552 ήχ.
1183 2494 1243 2550 κομ.
1263 2469 1323 2534 αότ.
1342 2470 1384 2542 τό·
1402 2467 1604 2550 ὑποστήσεται,
1626 2491 1657 2532 Β.
1680 2467 1727 2532 10.
1748 2487 1809 2531 om.
1826 2467 1926 2552 ε’πόήθ.
1941 2492 1966 2532 τ.
1980 2473 2026 2534 πό.
2042 2467 2144 2552 αότήν,
2168 2491 2199 2531 Β.
2218 2467 2266 2531 11.

624 2597 771 2679 γεννήματα,
786 2619 816 2658 Β.
835 2593 883 2658 13.
900 2594 1106 2678 πιανθήσοτται
1120 2593 1159 2660 τό
1172 2593 1273 2679 ὡραῖα
1329 2593 1389 2658 ΡΒ.
1405 2595 1455 2659 65.
1477 2617 1506 2658 Β.
1525 2595 1552 2658 l.
1574 2593 1631 2680 όδή
1649 2593 1765 2678 ψαλμός
1779 2603 1812 2658 et
1824 2599 1865 2675 τῷ
1878 2597 1974 2679 νανρίφ,
1996 2617 2027 2660 Β.
2043 2595 2073 2658 4.
2089 2593 2269 2678 ψαόότωσαν

624 2723 657 2805 δή
675 2727 716 2803 τῷ
730 2721 769 2788 όν.
784 2747 848 2795 σον,
866 2719 975 2804 όψιστε.
1018 2719 1147 2786 Ibidem
1166 2729 1198 2784 et
1216 2744 1268 2786 ΒΒ.
1287 2721 1305 2785 7
1325 2731 1357 2786 et
1378 2721 1426 2786 15.
1447 2743 1509 2785 om.
1530 2721 1687 2804 διόψαόμα.
1731 2721 1839 2786 Versu
1853 2720 1882 2786 5.
1898 2731 1949 2786 est
1963 2722 2002 2795 τός
2015 2721 2147 2807 φοβερός,
2168 2745 2199 2785 Β.
2217 2721 2267 2786 15.

625 2849 730 2915 ἄνοι’σω
744 2875 802 2923 σοι,
819 2871 851 2910 Β.
869 2846 917 2911 16.
938 2855 1004 2932 διγγ.
1024 2847 1094 2932 ὑμῖν,
1114 2871 1144 2911 Β.
1162 2847 1210 2912 18.
1229 2846 1266 2932 μή
1284 2850 1371 2914 ον’σακ
1386 2877 1447 2932 μον,
1466 2871 1495 2913 Β.
1515 2849 1562 2912 19.
1583 2855 1632 2932 τῆς
1645 2848 1762 2933 δεήσεσός
1774 2877 1835 2933 μον.
1892 2847 1953 2912 ΡΒ.
1970 2847 2020 2916 66.
2041 2871 2071 2914 Β.
2088 2849 2117 2912 2.
2138 2849 2179 2932 ἐφ’
2197 2847 2270 2933 ἡμᾶς

624 2973 672 3041 καὶ
687 2976 795 3060 δεήσαι
808 2973 894 3060 ήμός,
915 2975 1036 3040 omisso
1052 2975 1146 3058 διόμ,
1168 2975 1254 3062 quod
1274 2975 1361 3040 idem
1379 2999 1410 3038 v.
1426 2975 1455 3042 5.
1477 2973 1578 3040 deest.
1622 2974 1729 3040 Versu
1743 2975 1773 3038 4.
1794 2997 1856 3042 om.
1872 2976 2010 3061 ε’ξομοῖαγ.
2030 2997 2133 3062 usque
2153 2974 2169 3043 ό
2191 2975 2269 3050 θεός.

625 3103 685 3167 ΡΒ.
702 3101 752 3167 67.
775 3125 806 3164 Β.
824 3103 852 3164 l.
877 3102 958 3180 Δόξα
976 3104 1015 3178 εἰς
1035 3129 1059 3166 τ.
1080 3129 1104 3170 τ.
1125 3107 1215 3186 ψαλμ
1234 3107 1275 3183 τῷ
1289 3109 1362 3168 Δαο.
1381 3109 1430 3188 τῆς
1448 3103 1527 3187 οόδής.
1571 3102 1678 3168 Versu
1695 3103 1725 3166 2.
1747 3103 1806 3170 ἀπὸ
1824 3129 1871 3186 πρ.
1888 3103 1948 3168 αότ.
1963 3103 2058 3186 οῖμισ.
2074 3102 2167 3179 αὐτόν,
2191 3125 2220 3168 Β.
2236 3103 2268 3168 3.

625 3229 838 3304 ε’κλεναότωσαν,
861 3251 893 3292 Β.
907 3228 938 3291 6.
954 3227 1196 3314 ααραχθήτωσαν,
1219 3252 1250 3293 Β.
1267 3229 1295 3294 7.
1318 3229 1347 3294 όν
1367 3229 1479 3314 ἀνδρίᾳ,
1500 3253 1531 3294 Β.
1547 3231 1576 3313 8,
1592 3229 1643 3314 20,
1658 3229 1710 3294 33.
1727 3252 1789 3295 om.
1805 3229 1899 3314 διόψ.,
1920 3251 1951 3292 Β.
1968 3227 1997 3292 8.
2014 3239 2065 3294 est
2079 3231 2108 3295 ἕν
2121 3235 2156 3314 τῇ
2171 3231 2268 3314 ἐρήμῳ,

626 3379 657 3418 Β.
669 3356 717 3420 13.
733 3353 749 3424 ὁ
763 3361 828 3440 βασ.
843 3381 867 3421 τ.
882 3362 938 3422 δον.
953 3359 1003 3424 τοῦ
1018 3355 1114 3440 ἀγαπ,
1128 3361 1162 3439 τῇ
1176 3356 1234 3442 ὡρ,
1249 3379 1280 3422 Β.
1292 3356 1340 3420 17.
1354 3355 1574 3443 ε’νιολαμβάνιγτε,
1589 3381 1619 3422 Β.
1631 3359 1679 3424 18.
1693 3359 1722 3423 ἐν
1732 3359 1840 3433 Σιναΐν,
1855 3379 1886 3420 Β.
1897 3356 1946 3420 19.
1963 3355 2062 3442 εἰνὲβγς
2075 3366 2107 3422 et
2119 3357 2268 3442 ε’νάνθριό

626 3510 697 3557 ποις,
711 3505 741 3546 Β.
758 3482 808 3546 20.
823 3481 1005 3550 κατενοδιόσει
1019 3481 1142 3569 absque
1157 3486 1212 3558 uad
1227 3505 1258 3548 v.
1274 3483 1324 3547 21.
1340 3481 1387 3548 καὶ
1401 3489 1451 3550 τοῦ
1463 3487 1556 3569 κνρόοο
1569 3487 1675 3570 κυρίαν,
1694 3509 1724 3548 Β.
1740 3485 1791 3550 25.
1809 3507 1871 3550 om.
1886 3510 1938 3551 σου
1951 3483 1967 3551 ό
1982 3493 2028 3550 θε.
2044 3486 2076 3550 αιι
2088 3509 2160 3568 πορ,
2176 3505 2206 3548 v.
2214 3483 2266 3546 26.

629 3619 679 3673 est
694 3610 818 3693 ἐχόμενα,
832 3631 862 3673 Β.
878 3609 928 3674 27.
945 3608 1036 3694 κόριον
1051 3608 1174 3696 absque
1189 3610 1250 3685 τόν,
1269 3633 1299 3676 Β.
1316 3609 1367 3673 28.
1383 3619 1434 3674 est
1446 3612 1578 3696 νεώτερον
1593 3620 1626 3675 et
1639 3615 1826 3697 Νεφθαλεήι,
1850 3635 1881 3677 Β.
1897 3613 1947 3676 29.
1963 3612 2149 3698 κατειργάσω,
2171 3634 2201 3674 Β.
2217 3611 2269 3675 31.

627 3741 677 3802 τοῦ
692 3735 890 3820 ε’κκόεισθῖγναι,
905 3760 935 3802 Β.
951 3737 1002 3801 34.
1020 3759 1082 3801 om.
1098 3737 1169 3820 ψόλ.
1183 3763 1208 3802 τ.
1223 3741 1285 3818 θεῷ
1300 3745 1333 3800 et
1347 3737 1384 3812 ἐν,
1399 3760 1429 3801 Β.
1445 3737 1496 3802 36.
1514 3747 1563 3802 est
1578 3737 1673 3822 όγόοις.
1725 3738 1784 3803 ΡΒ.
1801 3739 1851 3803 68.
1866 3761 1897 3804 Β.
1916 3739 1943 3802 1.
1959 3739 2178 3825 praemittitur
2192 3738 2270 3814 δόξα,

627 3873 696 3928 tum
712 3872 763 3931 est
775 3863 890 3950 ψαόμδς
903 3869 943 3943 τῷ
959 3871 1045 3939 Δαο,
1063 3885 1094 3927 Β.
1111 3863 1140 3928 5.
1157 3873 1208 3928 est
1220 3861 1353 3948 ἥρπαζον,
1369 3887 1399 3929 Β.
1415 3863 1445 3927 6.
1465 3865 1515 3932 οὐκ
1533 3865 1739 3951 ιἰπεκρόβιγσαν,
1758 3889 1788 3930 Β.
1807 3867 1835 3930 7.
1851 3865 1945 3932 deest
1959 3867 2000 3931 ἐπ’
2017 3867 2068 3950 όμὲ
2077 3865 2181 3952 prius,
2202 3875 2271 3929 tum

630 3999 680 4054 est
693 3990 773 4074 κε’ριε,
788 3975 859 4073 κόριε
873 4016 897 4053 τ.
914 3989 1067 4072 διννάμτων·
1082 3993 1156 4074 μήδε’,
1175 4015 1205 4055 Β.
1224 3991 1272 4055 11.
1292 3993 1473 4074 σονεκαὶδιαμα
1489 4001 1521 4056 et
1535 3992 1675 4076 ἐγενήθην,
1694 4016 1724 4058 Β.
1743 3993 1792 4057 13.
1808 3993 1950 4068 όννιόλαες
1964 4003 1997 4058 et
2010 3993 2037 4060 οἱ
2049 3997 2174 4067 πίνοντες
2189 3994 2271 4066 οἶνον,

629 4140 660 4182 Β.
678 4115 726 4182 15.
748 4116 777 4180 ἐκ
796 4120 853 4180 τόν
870 4119 1002 4202 βαθέων,
1022 4141 1052 4180 Β.
1071 4117 1119 4182 17.
1142 4119 1299 4183 omittitur
1316 4146 1382 4203 μου,
1403 4119 1480 4183 item
1498 4141 1529 4182 Β.
1548 4117 1597 4182 18.
1616 4121 1668 4184 κατ’
1684 4128 1715 4184 et
1732 4142 1763 4183 Β.
1778 4119 1830 4185 20.
1851 4118 1899 4186 καὶ
1913 4147 1937 4186 τ.
1953 4121 2026 4205 αἰσχ.
2040 4147 2102 4204 μον,
2117 4143 2148 4183 Β.
2165 4119 2203 4183 21
2221 4127 2272 4183 est

630 4247 877 4326 παρακαόοῐνκας,
898 4266 928 4306 Β.
944 4241 996 4308 28.
1012 4241 1057 4308 ἐπὶ
1071 4249 1104 4326 νή
1119 4245 1233 4329 όνογιιήι,
1255 4268 1286 4309 Β.
1302 4245 1353 4310 30.
1369 4245 1436 4330 όγιό,
1455 4275 1471 4330 ιγ
1486 4248 1610 4330 σωτηρία
1623 4272 1674 4312 σου
1688 4245 1704 4312 ὁ
1718 4247 1800 4322 θεός,
1822 4269 1853 4311 Β.
1868 4245 1920 4312 33.
1941 4248 2051 4332 ζήσεται
2064 4245 2081 4331 ή
2095 4245 2172 4332 ψυχή
2185 4247 2270 4329 ὑμῶν,

630 4391 660 4430 Β.
676 4367 726 4432 35.
750 4367 778 4434 ἓν
799 4367 877 4450 αὐτῇ,
899 4391 930 4430 Β.
949 4369 1001 4434 37.
1025 4375 1081 4436 τῶν
1099 4371 1171 4436 aad).
1189 4397 1241 4440 σον
1255 4381 1288 4436 et
1305 4371 1338 4438 αδ
1357 4371 1446 4456 ὄνομά
1464 4397 1523 4438 σου.
1580 4371 1635 4436 ΡΒ.
1656 4371 1708 4437 69.
1731 4396 1762 4438 Β.
1780 4375 1808 4438 1.
1830 4375 1881 4448 Εἷς
1898 4401 1923 4440 τ.
1942 4373 1997 4438 vd.
2016 4371 2131 4458 ψαλμός
2145 4381 2178 4439 et
2192 4373 2271 4457 κόριε,

631 4517 661 4557 Β.
676 4495 707 4558 2.
727 4503 866 4559 exeunte
886 4494 960 4560 add.
981 4496 1061 4580 κόρα,
1084 4499 1123 4570 εἰς
1141 4497 1174 4565 τὸ
1192 4501 1338 4584 βοηθήσατ’
1353 4527 1398 4582 μοι
1413 4505 1540 4574 σπεῖσον,
1563 4523 1593 4563 Β.
1610 4499 1640 4564 3.
1657 4502 1891 4585 αι’σχονδήτασαν
1905 4527 1929 4565 κ.
1945 4501 2171 4586 ε’ντραπήτονσαν,
2193 4501 2272 4564 item

632 4621 897 4704 όποστραφήτωσαν
920 4631 952 4686 et
973 4625 1269 4708 καταναγννθήτωοαν,
1291 4647 1322 4689 Β.
1336 4625 1367 4690 4.
1392 4625 1666 4711 ἀποστραφήτονσαν,
1689 4651 1719 4690 Β.
1735 4626 1765 4692 5.
1788 4629 1815 4694 οἱ
1836 4631 1891 4712 ζγν.
1910 4654 1942 4696 σε
1960 4627 2068 4702 όθεός,
2091 4650 2122 4691 Β.
2138 4627 2168 4692 6.
2184 4652 2272 4711 πτωγ.

632 4749 694 4830 εἰμι’.
749 4745 810 4810 ΡΒ.
832 4747 880 4812 70.
909 4747 950 4814 ab
976 4749 1067 4814 initio
1093 4749 1224 4816 additur
1246 4754 1339 4830 Δόξα,
1363 4755 1531 4837 καθίσματα
1552 4763 1599 4832 δ’,
1619 4755 1748 4838 ψαλμόςς
1777 4763 1845 4822 tum
1867 4763 1917 4819 est
1938 4759 1995 4820 τῶν
2015 4757 2094 4830 οἰῶν,
2117 4755 2195 4820 item
2216 4759 2274 4820 τῶν

632 4872 743 4957 πρότον
763 4869 839 4959 (sed
855 4873 919 4940 hoe
938 4874 1089 4962 accentu)
1107 4879 1181 4963 αι’γμ
1202 4879 1389 4964 ἀνεπίγραφος
1408 4880 1473 4966 παρ’
1493 4879 1642 4966 Ἑβραίοις,
1661 4905 1692 4946 Β.
1710 4881 1738 4946 7.
1757 4882 1866 4967 βογθός
1878 4909 1931 4966 μον
1946 4909 2037 4966 κρατ,
2059 4905 2090 4946 Β.
2109 4881 2157 4946 12.
2173 4879 2189 4948 ὁ
2204 4882 2274 4954 θεός

632 5027 697 5083 μον,
719 5023 749 5064 Β.
767 4999 816 5064 13.
840 5001 1052 5078 ἐνόειαεδονσαν,
1072 5027 1104 5068 Β.
1122 5005 1171 5068 14.
1190 5005 1276 5070 ε’λντιιό
1296 5004 1341 5071 ἐπὶ
1355 5010 1395 5084 σε’,
1415 5029 1445 5071 Β.
1463 5005 1511 5072 15.
1529 5007 1672 5094 ἀναγγελεῖ
1687 5017 1720 5072 et
1738 5012 1926 5094 γραμματίας,
1949 5033 1979 5073 Β.
1997 5009 2046 5073 17.
2062 5007 2078 5077 ὁ
2093 5009 2162 5082 θεός
2175 5035 2236 5091 μον,
2253 5005 2274 5071 δ

633 5125 762 5203 ι’διδαξάς
775 5153 808 5209 με
823 5135 856 5191 et
868 5129 945 5214 μέχρι
958 5135 1007 5197 τοῦ
1021 5133 1082 5204 νῦν,
1101 5153 1131 5194 Β.
1149 5129 1199 5194 18.
1213 5133 1310 5216 γήρως,
1330 5141 1397 5198 tum
1412 5133 1428 5201 ὁ
1443 5133 1512 5208 δεδι·
1525 5163 1585 5217 μου,
1601 5135 1653 5208 ἕως
1667 5129 1699 5202 οἷν
1718 5143 1751 5200 et
1769 5140 1803 5218 τῇ
1822 5141 1902 5222 γενεᾷ
1921 5135 2007 5218 πάσῃ,
2025 5157 2057 5198 Β.
2075 5134 2124 5199 19.
2145 5133 2197 5206 ἕως
2216 5137 2273 5198 τῶν

634 5251 768 5334 ὑψίστων,
788 5251 807 5318 δι’
827 5253 871 5320 ἐπ.
891 5283 949 5339 μοι,
969 5279 999 5320 Β.
1015 5255 1065 5321 20.
1083 5278 1144 5322 om.
1164 5259 1261 5334 πάλιν,
1281 5282 1312 5324 Β.
1328 5259 1379 5324 21.
1395 5269 1445 5325 est
1458 5261 1518 5329 ἕνα).
1533 5261 1576 5328 ἐπ’
1593 5261 1678 5344 ἐμόν.
1693 5263 1886 5346 mamm
1901 5287 1964 5337 σον,
1983 5284 2013 5325 Β.
2029 5260 2079 5326 22.
2095 5261 2170 5343 ἐξομ
2186 5285 2230 5327 σοι
2243 5259 2275 5326 ἓν

634 5384 713 5454 λαοῖς
731 5379 802 5462 κύριε
823 5387 854 5444 et
872 5381 903 5448 ἐν
916 5383 1033 5460 σκεύεσι,
1052 5406 1083 5447 Β.
1099 5383 1150 5450 23.
1170 5384 1367 5470 &rau-adserat
1387 5397 1419 5450 et
1432 5388 1542 5470 ψάλλω.
1599 5385 1658 5452 ΡΒ.
1676 5388 1725 5453 71.
1748 5385 1941 5457 Inscn'bitur
1954 5387 2068 5471 ψαλμός
2082 5389 2121 5462 εἷς
2134 5391 2275 5469 Σαλομῶν

637 5499 696 5592 (ita
713 5504 874 5596 prorsus).
917 5507 1025 5574 Versu
1043 5510 1073 5575 3.
1092 5518 1143 5574 est
1161 5518 1201 5593 τῷ
1221 5519 1281 5592 7.αῷ
1300 5512 1346 5578 καὶ
1365 5513 1392 5580 οιι
1408 5521 1481 5599 βονν.
1501 5515 1682 5598 δικαιοσύνην·
1704 5527 1799 5599 κρινεῖ,
1819 5537 1849 5580 Β.
1865 5513 1894 5579 6.
1911 5513 2022 5600 σταγοδν
2036 5513 2052 5598 ἡ
2067 5513 2210 5590 στάζονσα
2223 5509 2274 5578 dni
