5244 6618
1311 803 1348 856 E.
1367 805 1576 854 economus.

1200 886 1283 958 (cum
1296 885 1464 956 Aethiopicis
1468 885 1556 953 soliis
1568 885 1694 954 aliqttot.)
2167 887 2222 935 rag.

637 975 720 1036 Ood.
732 973 849 1034 Tisch.
864 975 1018 1034 XXXIX.
1041 977 1115 1037 Pars
1129 977 1333 1056 martyrologii
1347 977 1486 1036 ecclcsiae
1503 974 1689 1054 Georgianae
1733 1019 2111 1038 ........
2167 980 2208 1036 74

635 1061 718 1122 (lod.
731 1059 848 1120 Tiech.
863 1059 931 1120 XL.
953 1061 1088 1122 Historia
1102 1063 1234 1122 Arethae
1249 1064 1371 1141 eiusque
1385 1062 1529 1121 sociorum
1571 1105 2113 1123 ...........
2170 1065 2209 1121 74

636 1147 720 1208 Ood.
733 1143 849 1204 Tisch.
865 1145 949 1206 XLI.
972 1146 1042 1206 Duo
1056 1147 1129 1208 folia
1144 1148 1271 1228 psalmos
1286 1148 1450 1212 continent.
1472 1145 1509 1206 de
1525 1147 1627 1207 decern
1642 1147 1763 1226 reliquis
1777 1146 1910 1208 nondum
1923 1147 2018 1227 liquet
2051 1189 2058 1204 .
2104 1195 2111 1209 .
2170 1150 2208 1206 74

637 1233 720 1292 Ood.
733 1229 850 1292 Tisch.
866 1230 971 1302 XLH,
989 1233 1202 1312 Fragmentum
1216 1232 1354 1312 liturgiae
1369 1241 1399 1292 et
1412 1231 1503 1292 index
1517 1232 1556 1292 ad
1569 1233 1686 1292 missale
1730 1275 2110 1296 ........
2167 1235 2206 1291 74

638 1317 722 1377 God.
734 1315 851 1376 Tisch.
867 1317 985 1376 XLIII.
994 1317 1047 1378 A.:
1060 1316 1198 1398 Quicque
1209 1319 1296 1398 primi
1307 1317 1412 1396 psalmi
1421 1316 1606 1398 Aethiopica.
1617 1319 1667 1378 B.:
1679 1315 1827 1391 Quattuor
1837 1317 1911 1377 folia
1920 1318 2111 1396 palimpsesta

786 1402 830 1460 bis
847 1400 993 1481 Georgica
1007 1403 1125 1482 scripta.
1156 1401 1205 1466 O.:
1220 1403 1349 1483 Reliqua
1362 1421 1414 1462 sex
1428 1401 2018 1484 551155155151555555555551551555511
2052 1446 2058 1460 .
2104 1445 2112 1460 .
2168 1405 2208 1461 74

1133 1503 1170 1554 F.
1188 1505 1337 1553 CODICES
1355 1505 1591 1556 HsBRsEOBUtt
1607 1505 1753 1554 sltsmcl.

636 1591 717 1650 (iod.
730 1588 846 1653 Tisch.
862 1589 975 1648 XLIV.
999 1589 1149 1649 Midraach
1164 1589 1201 1648 de
1216 1590 1299 1649 Mose
1313 1589 1486 1650 Karaiticm
1518 1633 2111 1652 ............
2168 1593 2207 1650 74

637 1675 719 1736 Cod.
731 1673 846 1734 Tisch.
862 1673 960 1733 XLV.
983 1675 1075 1734 Liber
1089 1677 1161 1734 ritsrs
1175 1675 1321 1734 Karaitici
1337 1675 1399 1734 fere
1413 1675 1530 1754 integer
1570 1720 2110 1738 ...........
2168 1677 2207 1735 75

635 1760 718 1821 Ood.
731 1758 847 1819 Fiseh.
863 1759 978 1822 XLVI.
1000 1759 1171 1819 Karaiticus
1195 1760 1225 1836 1)
1240 1759 1277 1820 de
1296 1761 1355 1818 ritu
1373 1761 1482 1819 mensis
1497 1761 1555 1819 Ab.
1580 1763 1609 1836 2)
1625 1779 1727 1840 preces
1741 1759 1939 1840 propheticae.
1963 1761 1995 1834 3)
2011 1760 2108 1820 caleu-

787 1843 901 1904 darium
915 1844 1102 1904 Karaiticum
1116 1848 1147 1904 in
1161 1865 1254 1904 annos
1269 1848 1310 1904 34
1365 1889 2110 1907 ...............
2168 1847 2206 1906 75

638 1930 719 1992 Ood.
732 1929 849 1988 Tisch.
865 1929 996 1990 XLVII.
1018 1931 1230 2010 Fragmentum
1246 1933 1342 2009 operis
1357 1929 1502 1990 Karaitioi
1516 1931 1553 1990 de
1567 1930 1692 1992 historia
1706 1931 1833 1990 naturali
1891 1977 2110 1994 .....
2168 1933 2207 1990 75

637 2009 849 2076 (15551555.
865 2015 1010 2074 XLVIII.
1027 2017 1218 2076 coniectanca
1232 2015 1412 2075 Γ1511555155
1466 2059 2108 2078 .............
2167 2019 2205 2075 75

1353 2115 1391 2166 G.
1409 2119 1539 2165 PAPYRI.

635 2185 741 2244 Codd.
754 2183 869 2244 Tisch.
886 2183 1112 2244 XLIX—LII.
1135 2186 1317 2264 Fragmenta
1330 2205 1498 2265 papyracea
1512 2183 1636 2264 Coptica
1679 2229 2109 2248 .........
2167 2189 2205 2245 75

634 2270 718 2330 Cod.
730 2269 851 2329 Tisch.
866 2270 951 2330 LHI.
973 2271 1188 2350 Fragmentum
1202 2271 1469 2351 Hieroglyphicum
1521 2315 2110 2334 ............
2167 2273 2204 2331 75

635 2351 847 2415 55551555.
862 2355 943 2414 LIV.
967 2353 1027 2429 Qui
1041 2356 1099 2416 hoc
1112 2375 1234 2416 numero
1248 2357 1280 2414 in
1295 2365 1379 2415 textu
1392 2357 1549 2436 insignitus
1563 2365 1608 2416 est
1622 2356 1727 2431 codex,
1749 2358 1774 2415 is
1789 2375 1883 2436 nuper
1897 2355 1936 2414 ad
1951 2378 1998 2416 me
2012 2357 2108 2416 rediit.

785 2440 900 2500 Eodem
913 2461 985 2500 vero
1000 2461 1123 2502 numero
1138 2443 1196 2500 iarn
1210 2441 1399 2520 insignienda
1413 2453 1482 2502 sunt
1496 2443 1662 2520 fragmenta
1677 2442 1833 2500 fasciarum
1851 2441 2009 2500 linteamm
2024 2451 2109 2502 textu

786 2527 939 2585 Hieratico
953 2528 1165 2605 completarum
1181 2535 1210 2587 et
1223 2527 1255 2586 in
1269 2527 1422 2606 sepultura
1432 2527 1650 2608 Aegyptiorum
1665 2528 1736 2587 olim
1751 2526 1959 2586 adhibiturum.
1982 2527 2108 2588 Tradidi

785 2610 980 2671 bibliothecae
992 2611 1159 2690 fragmenta
1169 2611 1312 2672 eiusmodi
1324 2632 1384 2683 sex,
1396 2613 1545 2692 inquibus
1555 2633 1658 2672 versus
1669 2611 1836 2692 quindecim
1848 2614 2018 2692 superstites
2029 2621 2106 2672 sunt.

785 2696 822 2754 15
837 2716 928 2755 uuum
944 2697 1102 2758 coniuncta
1116 2705 1185 2757 eunt
1202 2697 1358 2777 formaque
1371 2698 1472 2776 lignea
1485 2698 1599 2756 inclusa
1614 2707 1644 2758 et
1657 2699 1734 2757 vitro
1748 2698 1869 2756 munita.
1902 2699 1989 2757 Haec
2003 2699 2107 2777 supple

787 2781 825 2839 ad
840 2782 980 2860 paginam
997 2784 1045 2845 75,
1098 2827 2107 2846 ....................
2165 2785 2204 2841 75

635 2866 716 2924 (lod.
728 2865 844 2924 Tisch.
860 2866 919 2924 LV.
940 2867 1122 2945 Fragmenta
1140 2887 1308 2946 papyraceo
1323 2866 1438 2928 Graeca
1452 2867 1583 2946 triginta,
1604 2888 1692 2947 quem
1707 2886 1861 2926 numerum
1876 2877 1943 2947 post
1957 2870 2028 2928 auxi
2043 2869 2109 2926 aliis

784 2951 927 3011 similibus
942 2953 1115 3030 fragmentis
1128 2961 1241 3031 septem
1265 2995 2110 3016 .................
2168 2955 2205 3012 75

1341 3036 1551 3046 --ι-ι--ι

637 3069 693 3126 Η15
712 3069 880 3148 nuperrima
900 3069 1058 3132 donatione
1074 3071 1113 3146 (d.
1127 3073 1176 3130 23.
1192 3091 1230 3130 m.
1244 3069 1326 3150 Sept.
1344 3073 1447 3144 1860.)
1464 3071 1586 3132 accessit
1601 3069 1683 3130 Ood.
1696 3069 1812 3130 Tisch.
1827 3070 1909 3130 LVI.
1943 3071 2048 3132 Codex
2063 3081 2108 3130 est

784 3155 906 3214 membr.
927 3155 1012 3235 isque
1031 3165 1064 3216 ut
1084 3155 1201 3215 videtur
1219 3157 1413 3236 perantiquus
1434 3157 1571 3216 foliorum
1590 3156 1675 3215 form.
1697 3157 1843 3216 maximae
1860 3158 1934 3229 160,
1955 3157 2108 3216 continens

785 3240 1021 3300 Pentatouehum
1042 3240 1113 3300 inde
1133 3261 1151 3300 5
1167 3239 1275 3301 Genea.
1291 3263 1355 3321 cap.
1369 3245 1417 3302 11.
1434 3251 1507 3304 extr.
1523 3261 1618 3320 usque
1640 3241 1677 3300 ad
1698 3241 1860 3302 Deuteron.
1877 3261 1939 3320 cap.
1952 3245 1981 3301 4.
2002 3243 2106 3301 litteris

786 3323 979 3384 samaritanis
998 3327 1146 3406 scriptum.
1346 3351 1388 3360 -·
1426 3352 1468 3360 -
1506 3352 1548 3360 -

654 3443 864 3502 ΑΡΡΕΝΒΙΧ
879 3444 1057 3504 CODIGUM
1071 3445 1396 3505 ABYSSINIOORUM
1412 3443 1592 3510 QUINQUE
1606 3446 1657 3504 ΕΤ
1671 3445 1933 3505 ARABIOORUM
1947 3446 2240 3506 DRUSIANORUM

652 3528 779 3587 TRIUM
797 3529 881 3587 Meo
902 3529 1063 3590 ROGA'IU
1084 3531 1680 3676 BIBHOTRHJIAEIEEUggffiRTSJIFfflS
1703 3531 1923 3590 LIPSIIINSIS
1945 3531 1995 3590 ΕΤ
2016 3532 2239 3590 DRESDENSI

738 3715 762 3773 I.
787 3713 859 3775 Ood.
875 3716 1070 3796 Abyssinicus
1091 3715 1275 3776 Dresdeusis.
1319 3717 1401 3776 Inest
1422 3718 1486 3776 vita
1500 3717 1651 3777 Walattae
1670 3718 1753 3778 Petri
1776 3738 1842 3777 cum
1863 3717 2011 3776 miraculis
2033 3717 2103 3776 cius.

785 3801 1127 3902 Accedunttraditiones
1142 3802 1179 3862 de
1194 3803 1302 3862 sanctis
1315 3801 1441 3902 Cyriaco
1457 3811 1487 3860 et
1497 3802 1637 3862 lohannc.
1662 3804 1821 3862 Praeterea
1835 3802 1913 3862 foliis
1928 3805 1968 3862 34
1983 3811 2107 3880 utraque
2176 3891 2193 3912 .-

721 3969 761 4028 Π.
783 3887 2108 4052 51111111151511111111111515111111111115,515555515555
2181 3891 2215 3947 ‘⁶

784 4057 855 4116 item
870 4065 990 4116 sanctae
1004 4058 1152 4130 trinitatis,
1167 4057 1248 4129 Iesu,
1265 4057 1414 4130 ecclcsiae,
1429 4057 1639 4138 prophetarum
1653 4059 1837 4137 aliorumque
1851 4077 1917 4116 cum
1932 4057 2106 4116 lectionibus

787 4141 900 4220 aliquot
915 4151 944 4200 et
958 4141 1175 4222 precationibus
1190 4143 1396 4204 ecclesiasticis
1417 4185 2108 4206 ..............
2175 4147 2214 4202 76

658 4235 661 4238 “
704 4223 762 4283 ΙΠ.
786 4225 861 4326 coa
875 4226 1072 4306 Abyseinicus
1090 4226 1281 4300 Dresdensis,
1304 4228 1445 4287 lectiones
1464 4225 1589 4287 biblicas
1612 4247 1678 4286 cum
1700 4227 1837 4286 laudibus
1855 4226 1970 4286 Mariae
1990 4237 2019 4285 et
2037 4227 2106 4287 Iesu

704 4393 758 4452 IV.
783 4321 1060 4476 flbldfffdlpissinicus
1068 4357 1240 4476 Lipsiensis,
1256 4354 1798 4478 expositionem'alphabetirimharioe
1809 4353 1948 4476 scriplanf
1957 4355 2110 4457 continens
2176 4315 2215 4456 Id

725 4480 763 4538 V.
787 4480 934 4542 Volumen
946 4481 1155 4561 Abyesinicum
1172 4503 1238 4542 cum
1252 4483 1376 4562 picturis
1392 4492 1422 4542 et
1434 4481 1580 4563 precibus.
1616 4481 1671 4540 Est
1686 4501 1724 4542 ex
1739 4481 1876 4542 amuletis
1890 4481 2032 4541 adversm
2047 4501 2107 4541 me-

785 4567 828 4624 los
843 4568 970 4644 spiritus.
1007 4567 1043 4627 15
1063 4566 1134 4627 bibl.
1151 4567 1225 4646 Reg.
1241 4567 1347 4628 Dresd.
1362 4577 1497 4628 servatur
1519 4609 2106 4630 ............
2176 4571 2212 4626 ts

633 4647 686 4707 VI.
698 4648 770 4708 VII.
783 4649 872 4794 IVIII.
894 4651 1008 4713 codices
1027 4652 1193 4712 Drusorum
1208 4653 1342 4726 Arabici,
1366 4673 1490 4732 quorum
1512 4652 1571 4712 duo
1591 4671 1670 4712 nuuc
1687 4651 1822 4711 Dresdac
1843 4661 2008 4726 servantur,
2030 4672 2106 4712 unus
2133 4739 2171 4795 76
2218 4739 2256 4794 Π

813 4757 905 4816 rpsrae
944 4781 2107 4802 .......................
2175 4769 2213 4778 -

701 4843 774 4918 111.
790 4855 870 4939 Pag.
883 4853 961 4919 77-
973 4855 1044 4919 212.
1068 4871 1250 4919 excessus
1265 4871 1492 4919 nxmnnarua
1507 4873 1556 4919 ax
1570 4870 1754 4919 comcmue
1775 4869 1812 4917 us
1827 4871 1945 4920 vsaus
1961 4869 2127 4918 5555555
2142 4869 2185 4917 55

1085 4956 1250 5005 55555515
1267 4957 1513 5005 5551555555
1529 4957 1552 5003 A
1566 4957 1613 5003 55
1628 4955 1803 5004 excussis.

690 5043 714 5101 Ι.
738 5043 877 5104 Refertur
888 5043 925 5104 de
937 5043 1134 5104 Homiliarum
1146 5040 1309 5102 Clementis
1320 5043 1448 5102 Romani
1462 5062 1538 5122 quae
1553 5041 1687 5101 feruntur
1699 5042 1752 5120 (ita
1765 5043 1879 5121 corrige
1893 5043 1970 5102 male
1985 5042 2104 5120 impres·

741 5150 805 5188 sum
820 5150 849 5208 p.
864 5129 925 5206 77.)
941 5128 1056 5189 duobus
1073 5127 1221 5188 codicibus
1237 5127 1388 5208 hucusque
1402 5127 1571 5206 incognitis,
1592 5127 1684 5186 altero
1701 5127 1850 5202 orientali,
1871 5128 1963 5186 altero
1977 5123 2109 5204 Italicol)
2133 5129 2256 5186 77-85

675 5214 716 5272 Π.
738 5214 923 5274 Exscribitur
937 5214 1137 5292 fragmentum
1151 5213 1320 5273 Parieiense
1334 5213 1488 5293 Epitomes
1502 5233 1579 5293 quae
1594 5211 1700 5272 dicitur
1716 5209 1920 5272 clementinae
1930 5212 1954 5289 ²)
1995 5255 2002 5270 .
2048 5255 2055 5269 .
2101 5257 2107 5268 .
2130 5213 2255 5271 85-93

2171 3697 2225 3746 1²23.

2169 5021 2223 5068 Peg.

736 5367 755 5425 ¹)
769 5373 794 5415 et
805 5365 827 5426 ἱ)
846 5368 973 5427 Excerpta
989 5367 1040 5414 ista
1056 5365 1091 5426 (p.
1106 5367 1203 5414 77.115.
1218 5367 1240 5413 7.
1253 5365 1286 5413 55
1299 5367 1349 5413 lmo
1362 5367 1445 5414 scribe
1458 5366 1626 5427 Schwegleri,
1643 5380 1668 5425 p.
1682 5367 1722 5413 78.
1735 5365 1777 5411 lin.
1792 5367 1831 5410 14.
1844 5365 1913 5411 tituli
1929 5365 1994 5424 loco,
2013 5379 2037 5424 p.
2052 5367 2092 5411 79.
2104 5365 2149 5411 115.
2165 5368 2186 5411 1.
2197 5373 2256 5425 post

629 5434 731 5495 γέγονεν
744 5436 891 5484 exciderunt
903 5435 996 5484 verba:
1014 5431 1223 5497 551715θή5555,
1241 5449 1265 5494 p.
1275 5436 1316 5482 86.
1329 5439 1381 5482 not.
1394 5436 1416 5482 2.
1429 5429 1674 5491 5515555155τὸ,
1691 5447 1716 5494 p.
1730 5435 1770 5480 88.
1782 5433 1827 5480 lin.
1838 5435 1878 5479 11.
1892 5433 1977 5480 nescio
1989 5447 2021 5480 an
2033 5431 2163 5492 ἐνδέχεται
2180 5434 2256 5480 eden-
