5244 6618
586 731 627 798 68

672 933 714 999 O:
738 935 816 1000 folia
837 943 990 1021 quattuor
1009 935 1134 999 formae
1154 937 1328 1018 maximae,
1354 959 1395 1001 ex
1415 935 1660 1022 evangeliorum
1684 936 1797 1000 codice
1817 938 1872 1022 qui
1891 937 2052 1002 versionis
2078 935 2233 1022 simplicis

585 1070 710 1126 textum
730 1061 915 1126 continebat
934 1062 1097 1148 decerpta.
1143 1061 1225 1128 Sunt
1244 1064 1427 1149 fragmenta
1446 1063 1607 1150 evangelii
1625 1047 1729 1128 Marci
1749 1063 1828 1146 duo,
1849 1063 1985 1129 alterum
2006 1063 2035 1147 6,
2056 1063 2178 1146 56-8,
2195 1065 2231 1146 23

586 1188 721 1253 alterum
742 1189 770 1271 8,
791 1189 913 1272 26-9,
934 1191 985 1254 27.
1029 1189 1140 1276 Ipsam
1160 1191 1356 1275 scripturam
1375 1191 1692 1277 repraesentavimus
1711 1190 1776 1255 tab.
1801 1191 1860 1255 ΙΠ.
1887 1189 1959 1254 loco
1989 1193 2109 1277 quinto.
2154 1191 2234 1254 Inde

585 1315 755 1401 apparebit
776 1327 930 1401 quantam
950 1315 1193 1381 similitudinem
1211 1315 1330 1381 habeat
1349 1316 1472 1381 codicis
1493 1315 1736 1402 evangeliorum
1752 1316 1933 1382 Florentini
1956 1316 2040 1382 Plut.
2065 1318 2090 1381 I.
2117 1318 2166 1382 66.
2193 1315 2234 1381 ab

583 1441 706 1507 Adlcro
722 1442 742 1506 l.
758 1442 778 1506 l.
794 1443 859 1507 tab.
875 1445 917 1508 Π.
935 1445 1092 1530 expressi,
1108 1453 1191 1508 teste
1208 1443 1394 1531 epigraphe,
1412 1455 1583 1530 suspectae
1598 1443 1653 1508 illa
1669 1443 1798 1530 quidem
1814 1444 1900 1523 fidei,
1921 1467 2005 1508 anno
2024 1442 2147 1508 Christi
2161 1443 2233 1506 586.

585 1571 711 1657 scripti,
737 1569 860 1636 Adlero
885 1571 992 1636 iudice
1017 1581 1104 1636 corte
1128 1573 1353 1658 antiquissimi.

689 1697 736 1760 D:
760 1697 874 1762 folium
888 1721 989 1763 unum
1007 1700 1139 1764 maioris
1160 1699 1284 1764 formae
1300 1701 1414 1784 quavis
1433 1701 1555 1785 pagina
1570 1697 1691 1784 duplici
1707 1697 1856 1762 columna
1871 1699 2103 1784 antiquissimis
2119 1697 2234 1761 litteris

584 1826 813 1910 conscriptum.
852 1825 1021 1912 Scriptura
1044 1849 1122 1912 prae
1143 1827 1259 1890 ceteris
1281 1823 1522 1890 similitudinem
1542 1825 1641 1890 habet
1662 1825 1784 1888 codicis
1810 1825 1851 1888 ab
1875 1823 1997 1889 Adloro
2023 1823 2088 1889 tab.
2111 1825 2148 1887 V.
2169 1847 2234 1890 non

583 1953 629 2016 ita
645 1951 775 2037 quidem
790 1955 918 2017 curiose
935 1953 1080 2035 exhibiti,
1097 1955 1149 2016 cui
1165 1975 1270 2017 annus
1288 1950 1411 2016 Christi
1432 1952 1502 2017 752.
1519 1952 1702 2038 adscriptus
1725 1961 1782 2014 cst.
1829 1949 2023 2016 (iuravimus
2040 1953 2233 2037 rcripturam

583 2079 734 2143 lacsimili
757 2080 1001 2166 exprimendam
1028 2080 1093 2146 tab.
1120 2081 1180 2145 III.
1207 2079 1280 2144 loco
1308 2089 1432 2166 quarto.
1477 2079 1709 2164 Fragmentum
1735 2089 1784 2142 est
1808 2080 1916 2165 operis
1940 2101 2003 2164 quo
2026 2078 2234 2165 philosophia

582 2205 768 2271 Aristotelis
792 2207 994 2290 tradebatur,
1018 2209 1188 2272 continens
1208 2209 1391 2291 categorias
1414 2229 1545 2289 novem,
1569 2205 1697 2271 decima
1720 2203 1861 2292 (κεῖσθαι)
1884 2205 2093 2269 membranae
2117 2204 2234 2270 lacuna

584 2333 762 2421 deperdita.
806 2334 971 2421 Interpres
987 2343 1111 2398 textum
1128 2357 1221 2398 suum
1238 2332 1401 2398 Graecum
1416 2356 1536 2418 magna
1550 2333 1614 2397 fide
1630 2332 1787 2416 reddidit,
1808 2333 1850 2396 ad
1866 2331 2003 2396 eundem
2019 2334 2086 2397 fere
2102 2333 2233 2396 modurn

584 2484 646 2549 quo
666 2462 701 2526 id
718 2461 755 2526 fit
769 2463 803 2526 in
818 2463 968 2526 versione
984 2461 1069 2526 Novi
1085 2461 1286 2524 Testamenti
1303 2459 1508 2526 Charlrlensi.
1553 2461 1603 2525 Ita
1622 2461 1655 2527 τὸ
1670 2461 1739 2543 πρός
1753 2487 1779 2525 τι
1794 2459 1902 2524 reddit
1921 2457 1983 2522 hoe
2000 2460 2087 2546 apud
2102 2459 2232 2545 aliquid.

582 2589 796 2655 Inveniuntur
821 2589 884 2654 hoc
910 2611 974 2654 uno
1005 2588 1083 2654 folio
1111 2587 1212 2652 multa
1239 2611 1321 2674 quae
1349 2589 1391 2653 ad
1416 2587 1598 2675 supplenda
1622 2586 1729 2652 lexica
1751 2587 1882 2650 faciunt.
1929 2586 2133 2671 Siugularem
2155 2610 2233 2651 vero

583 2717 776 2802 gravitatem
791 2715 854 2780 hoc
869 2717 1087 2801 fragmentum
1103 2738 1140 2779 eo
1157 2714 1255 2779 habet
1275 2715 1363 2802 quod
1378 2717 1462 2779 inter
1477 2716 1565 2778 viros
1583 2715 1697 2778 doctos
1714 2715 1858 2778 nondum
1873 2723 1985 2778 notum
2005 2724 2075 2777 erat
2090 2714 2231 2798 philoso-

582 2843 693 2932 phiam
707 2841 893 2908 Aristotelis
910 2844 1006 2908 etiam
1022 2843 1064 2908 ad
1081 2841 1181 2930 Syros
1198 2845 1364 2907 transisse.

688 2971 732 3034 E:
756 2969 835 3034 folia
854 2970 968 3035 decem
988 2971 1111 3036 formae
1131 2971 1307 3052 maximae,
1327 2968 1449 3054 aliquot
1467 2969 1602 3054 psalmis
1624 2979 1655 3033 et
1675 2967 1918 3060 precationibus
1941 2966 2056 3032 littoris
2077 2968 2232 3054 Syrorum

582 3097 772 3184 vulgaribus
789 3096 919 3162 saeculo
934 3099 1002 3162 fere
1018 3098 1113 3161 tertio
1130 3097 1256 3161 decimo
1273 3098 1466 3182 conscripta.

689 3223 781 3293 cod.
805 3224 931 3288 Tisch.
954 3225 1070 3308 XVII,
1094 3235 1247 3289 constans
1274 3225 1316 3288 64
1338 3222 1424 3288 soliis
1448 3222 1652 3310 bombycinis
1675 3224 1799 3287 formae
1821 3222 1968 3301 maioris,
1996 3243 2054 3284 sex
2082 3222 2232 3286 codicum

582 3353 737 3439 reliquiis.
782 3350 864 3416 Srmt
889 3351 969 3417 haec
997 3353 1181 3436 fragmenta
1207 3352 1316 3416 omnia
1344 3352 1489 3436 exceptis
1521 3349 1649 3414 duobus
1676 3349 1763 3414 foliis
1792 3345 1838 3433 (c)
1867 3349 2049 3432 argumenti
2079 3346 2231 3432 liturgici,

583 3481 783 3566 antiquitatis
804 3479 899 3543 laude
918 3501 983 3543 non
1004 3501 1139 3565 prorsus
1161 3479 1325 3542 destituta.

687 3605 732 3670 A:
755 3605 835 3671 folia
858 3607 905 3670 11.
929 3605 1140 3671 Precationes
1164 3605 1333 3690 liturgicae
1359 3629 1431 3669 cum
1455 3605 1556 3689 signis
1581 3605 1723 3669 musicis.

688 3735 730 3797 B:
754 3733 832 3799 folia
848 3734 877 3796 6.
907 3733 1117 3798 Precationes
1135 3733 1266 3797 similes.

689 3859 731 3924 O:
755 3860 834 3926 folia
854 3861 882 3923 2.
913 3861 1145 3946 Fragmentum
1166 3859 1318 3925 homiliae
1340 3860 1379 3924 de
1399 3859 1483 3924 Iuda
1499 3859 1666 3945 proditore
1686 3857 1825 3923 habitae.

687 3989 734 4052 D:
752 3987 837 4064 'folia
856 3987 885 4051 2.
914 3988 1148 4072 Fragmentum
1169 3989 1302 4052 canonis
1322 3986 1473 4071 liturgici.

687 4115 731 4178 E:
755 4115 835 4180 folia
855 4117 903 4178 11.
935 4115 1104 4199 Liturgica
1122 4115 1223 4179 varia.

687 4241 730 4304 F:
753 4240 832 4306 folia
851 4242 902 4306 32.
936 4241 1111 4308 Formulae
1137 4241 1321 4326 liturgicae,
1351 4241 1556 4325 precationes
1588 4251 1620 4306 et
1649 4239 1806 4306 lectiones
1838 4241 1975 4308 biblicae
2000 4243 2115 4308 dicbus
2138 4244 2231 4307 festis

583 4379 615 4434 et
634 4369 736 4433 sacris
757 4367 953 4454 quotidianis
973 4371 1204 4456 praescriptae.

1250 4655 1287 4721 C.
1334 4655 1566 4723 COPTICA.

691 4877 781 4943 Ood.
805 4877 931 4942 Tisch.
952 4877 1075 4942 XVIII.
1100 4876 1315 4965 bombycinus
1340 4878 1488 4970 foliorum
1514 4880 1574 4942 155
1595 4879 1719 4943 formae
1739 4880 1881 4943 maioris.
1925 4879 1987 4944 Est
2005 4879 2230 4944 lectionarium

582 5009 743 5091 integrum
758 5005 1003 5094 Memphiticum
1017 5004 1209 5089 Arabicum,
1230 5008 1387 5093 scriptum
1407 5029 1491 5070 anno
1511 5015 1690 5092 martyrum
1711 5005 1792 5070 1166
1810 5007 1830 5070 i.
1848 5029 1875 5072 e.
1898 5029 1982 5072 anno
2000 5003 2122 5069 Christi
2139 5003 2228 5068 1450.

692 5131 782 5198 cod.
807 5131 931 5196 Tisch.
956 5131 1048 5196 XIX.
1073 5131 1289 5219 bombycinus
1315 5133 1468 5199 foliorum
1493 5133 1613 5196 220111
1639 5133 1682 5195 4⁰.
1727 5133 1789 5197 Est
1812 5133 1997 5220 psalmodia
2019 5130 2230 5216 Memphitica

581 5259 726 5325 Arabica
748 5261 884 5345 integra.
929 5259 1053 5323 Textus
1075 5257 1199 5346 Coptus
1219 5262 1356 5346 insignis
1378 5271 1428 5324 est
1446 5259 1555 5325 multis
1577 5259 1690 5325 formis
1709 5260 1920 5326 Basmuricis.

690 5385 778 5452 Ood.
814 5387 943 5452 Tisch.
976 5387 1050 5452 XX.
1083 5387 1296 5474 bombycinus
1328 5388 1479 5453 foliorum
1509 5387 1569 5451 156
1596 5389 1629 5451 in
1658 5388 1721 5451 120.
1776 5385 1911 5451 Missale
1943 5383 2225 5469 quadragesimale

582 5513 827 5600 Memphiticum
841 5513 1020 5579 Arabicum
1035 5516 1206 5600 integrum.
