5284 6620
611 699 673 764 120

604 899 628 984 ᾦ
649 903 698 969 δύο
717 905 785 970 άσπ.
804 907 977 989 συνίρραπτο
992 945 1002 956 -
1016 945 1026 955 -
1042 906 1156 988 ἀδάμας
1175 907 1224 991 τλμ
1244 907 1325 992 φύσιν
1345 907 1469 992 άεριζαιν.
1490 908 1585 974 ε’πάνοι
1605 907 1635 974 δὲ
1655 912 1711 973 τάν
1728 908 1812 990 ὦμον
1827 910 1907 994 οίιβ’
1923 910 2008 985 λίθοι,
2024 904 2063 974 τόν
2078 910 2115 976 τὰ
2130 909 2256 991 ὀνόματά

604 1034 656 1097 εἰσι
671 1032 746 1098 τάδε.
764 1031 900 1116 Σάρδιον,
915 1032 1054 1108 τοπάζιον.
1076 1035 1109 1100 τὸ
1124 1033 1153 1100 δὲ
1167 1035 1300 1111 τοπάζιον
1308 1029 1334 1120 ¹)
1352 1034 1471 1119 ἐρυθρόν
1486 1037 1558 1100 ἐστιν
1571 1039 1612 1116 τῷ
1620 1032 1646 1121 ²)
1662 1034 1726 1101 εἴδει
1739 1033 1809 1120 ὑπὲρ
1823 1037 1871 1102 τὸν
1889 1036 2026 1120 άνθρακα
2039 1037 2214 1120 καλούμενον,
2227 1041 2255 1102 ἐν

604 1161 682 1239 τύπῳ
703 1164 752 1242 τῆς
765 1161 864 1233 Ἰνδίας
884 1158 1084 1244 εὑρισκόμενον,
1104 1164 1133 1226 ἐν
1153 1165 1255 1247 καρδίη
1274 1165 1358 1228 λίθου
1378 1165 1581 1245 λατομονμάου
1602 1163 1745 1248 τυγχάνον.
1769 1164 1822 1245 ἔχει
1845 1161 1875 1227 δὲ
1899 1158 1979 1238 οὗτος
1999 1161 2016 1227 ὁ
2039 1165 2121 1238 λίθος
2144 1165 2254 1249 δοτηιλμ

604 1288 724 1352 τοιάνδε·
743 1286 900 1372 τριβόμενος
910 1291 938 1351 ἐν
948 1288 1035 1370 ἀκόνη
1047 1290 1155 1372 ιάτριιιῇ
1165 1289 1215 1353 οὐκ
1226 1290 1344 1372 ἐρυθρὸν
1356 1290 1508 1354 άποδιδωσι
1522 1290 1571 1356 τὸν
1585 1291 1666 1372 χυλὸν
1681 1289 1698 1374 ἢ
1709 1291 1758 1356 τὸν
1774 1290 1861 1373 γλυόν,
1877 1291 1950 1356 ἀλλὰ
1967 1291 2141 1374 γαλακτώδη·
2156 1298 2258 1374 πληροῖ

604 1415 633 1478 δὲ
649 1420 789 1498 κρατῆρας
805 1415 930 1488 πολλούς.
945 1413 992 1480 καὶ
1008 1414 1024 1480 ὁ
1039 1416 1124 1490 αὐτὸς
1138 1392 1172 1499 τῇ
1188 1419 1346 1502 περιφερείᾳ
1361 1413 1408 1480 καλ
1422 1421 1462 1496 τῷ
1477 1421 1602 1500 σταθμῷ
1618 1415 1677 1492 ίσος
1690 1417 1850 1502 εὑρίσκεται.
1861 1419 2012 1501 χρησιμεύει
2028 1417 2057 1482 δὲ
2073 1417 2106 1482 τὸ
2122 1419 2153 1494 εξ
2168 1419 2253 1484 αύτού

603 1543 784 1623 λεαινόμενοι
798 1537 870 1626 (εἰσ,
884 1541 989 1607 forma
1000 1539 1107 1628 epioe)
1119 1543 1417 1628 πρὸςύφθαλμάντας
1423 1541 1470 1608 καὶ.
1477 1542 1808 1628 ύδραινιιῶνταςκαλπρὸς
1817 1545 1882 1618 τούς
1888 1545 1947 1610 άπὸ
1956 1549 2098 1629 σταφυλῆς
2104 1545 2254 1628 θαλάσσης

603 1673 781 1752 μαινομενους
788 1665 823 1754 ³).
837 1669 1008 1754 σμάραγδος·
1023 1668 1191 1756 αἰγύριονῦ·
1205 1671 1323 1754 ἀχάτης·
1339 1671 1510 1753 άμελλυστος·
1521 1671 1698 1754 χρυσόλιθος·
1710 1671 1865 1757 βηρύλλιοτ·
1875 1671 1993 1754 ὀνύχιοτ·
2006 1669 2111 1744 ἴασπις·
2126 1672 2252 1754 ἄνθραξ·

603 1797 765 1881 σάπφειρος.
781 1793 871 1882 eqeb)
889 1795 918 1862 δὲ
933 1795 972 1870 ὡς
986 1795 1090 1880 εἴρηται
1104 1837 1135 1847 ·-
1150 1798 1283 1864 πετάλου·
1301 1799 1368 1863 εἰίν
1382 1796 1531 1882 άμαρτιαις
1546 1797 1712 1882 εύρεθησαν,
1726 1801 1755 1864 εἰ
1768 1801 1796 1864 ἐν
1810 1810 1874 1872 ταῖς
1889 1801 2020 1874 ἐντολαῖς,
2035 1795 2083 1862 καὶ
2098 1801 2126 1863 εἰ
2136 1799 2253 1875 δεδοίκει,

603 1928 698 2010 φησίν,
720 1924 864 2008 άπόιγασιν
883 1923 900 1988 ὃ
918 1923 996 2000 θεός,
1019 1926 1147 2006 ε’τρίπετο
1166 1923 1182 2007 ἡ
1202 1925 1273 2008 χρόα
1293 1930 1342 1990 τού
1361 1895 1445 1990 λίθου
1465 1923 1512 1990 καὶ
1531 1927 1753 2010 ίγινετομελας-
1769 1928 1895 2010 -ε’γι.’νετο
1911 1925 2077 2008 αἱμάτινος·
2095 1926 2168 1990 -τὸν
2183 1928 2253 1990 λαὸν

603 2057 701 2116 τούτου
720 2049 766 2116 καὶ
787 2053 978 2128 εξελθίτοισαν
998 2091 1032 2102 ·-
1051 2049 1099 2116 καὶ
1117 2050 1178 2117 ὅσοι
1196 2054 1235 2125 εἰς
1254 2053 1395 2136 μάχαιραν
1416 2092 1450 2104 --
1469 2051 1509 2127 ὡς
1526 2054 1591 2136 χιὼν
1610 2054 1736 2136 λαμπρός
1749 2093 1759 2102 -
1773 2093 1783 2102 -
1797 2054 1968 2136 λελίτροιταί
1979 2079 2010 2117 σε
2025 2093 2034 2103 -
2049 2092 2058 2102 -
2073 2053 2123 2118 οὐκ
2138 2054 2204 2137 ὄψει
2220 2093 2253 2104 --

603 2181 729 2263 λαμπρὸς
744 2181 848 2263 ἐγενετο
862 2177 878 2242 ὁ
893 2181 976 2252 λίθος
991 2218 1016 2228 --
1030 2179 1077 2244 ὅτε
1091 2176 1139 2244 καὶ
1155 2179 1371 2264 ε’μβραδύνοντος
1386 2181 1467 2266 --μῆ
1482 2182 1560 2246 ἔσται
1574 2221 1603 2232 ·-
1619 2178 1666 2246 καί
1681 2183 1775 2258 ε’ξελθ.
1791 2181 1877 2246 αὐτού
1892 2179 2001 2265 γνόντες
2010 2179 2053 2245 ὅτι
2064 2221 2074 2230 -
2085 2221 2093 2230 -
2106 2182 2251 2262 δεδοξασμ.

604 2309 637 2372 τὸ
650 2309 770 2372 πέταλον
787 2306 884 2390 ἐφάνη.

1384 2535 1474 2600 VIII.

708 2689 939 2773 Fragmentum
963 2695 1013 2751 est
1034 2687 1187 2752 Ireneei
1211 2710 1252 2752 ex
1272 2687 1356 2753 libro
1380 2689 1491 2775 quinto
1513 2688 1672 2754 adversus
1695 2687 1864 2771 haereses,
1892 2688 1980 2774 quod
2001 2696 2037 2752 ut
2061 2688 2094 2751 in
2118 2659 2250 2752 OetenIs

602 2817 726 2905 aliquot
741 2825 791 2880 est
804 2815 984 2890 inventum,
1006 2814 1052 2878 ita
1070 2815 1134 2880 iam
1154 2813 1196 2880 ab
1217 2813 1427 2881 Anastasio
1451 2817 1485 2880 in
1505 2814 1762 2897 Quaestionibus
1781 2817 1816 2878 in
1836 2816 2030 2901 scripturam
2050 2792 2178 2880 sacrem
2197 2837 2251 2879 ex-

603 2947 834 3032 scriptumest.
862 2939 1221 3026 EvulgavitAnastasii
1240 2951 1365 3007 textum
1381 2941 1555 3008 Gretserus
1570 2945 1604 3007 in
1620 2942 1755 3024 Quaest.
1770 2965 1819 3006 nr.
1836 2942 1885 3007 74.
1916 2942 1982 3008 Sed
1997 2943 2039 3006 ad
2055 2965 2130 3006 eum
2145 2963 2251 3006 emen·
2321 2974 2328 2983 -

603 3073 747 3138 dandum
766 3071 897 3156 egregie
918 3069 997 3134 feeit
1015 3067 1102 3132 idem
1122 3068 1163 3133 de
1183 3091 1246 3154 quo
1266 3070 1331 3134 iem
1351 3069 1493 3135 vidimus
1508 3071 1753 3157 antiquissimus
1770 3069 1841 3134 eod.
1859 3067 1960 3134 Coiel.
1977 3069 2047 3134 120.
2064 3069 2156 3134 cuius
2172 3068 2250 3134 folio

604 3201 673 3268 186.
690 3199 780 3264 loeus
796 3196 964 3263 Anastasii
978 3196 1030 3260 vel
1046 3197 1154 3281 potius
1169 3195 1298 3261 Irenaei
1312 3195 1398 3262 hune
1413 3198 1447 3262 in
1462 3195 1595 3262 modum
1609 3197 1737 3284 legitur.

703 3327 764 3391 ’Ότι
777 3328 817 3400 είς
831 3335 903 3410 τρεῖς
916 3325 1008 3400 τάξεις
1021 3322 1068 3390 καί
1083 3325 1269 3399 καταστάσεις
1283 3325 1506 3409 διαιρεθήσονται
1520 3328 1548 3390 οἱ
1560 3326 1716 3408 σωζόμενα.
1752 3327 1899 3409 Ειρηναίιιυ
1916 3327 2009 3390 ίκτού
2024 3326 2098 3390 κατὰ
2120 3301 2249 3406 σερε-’σοον

601 3465 627 3520 ε’
647 3451 768 3538 λάγουθ)

711 3577 801 3664 Φησίν
816 3579 869 3664 γὰρ
881 3577 1006 3653 Ἡσαΐας
1016 3578 1066 3643 Ὃν
1080 3579 1182 3663 τρόπον
1199 3580 1316 3662 οὐρανὸς
1330 3581 1423 3654 καινὸς
1438 3577 1486 3645 καὶ
1500 3585 1532 3664 γῆ
1548 3581 1639 3664 καινή,
1662 3579 1682 3644 ά
1699 3581 1752 3665 ε’γάι
1767 3583 1852 3680 ποιοῖ,
1872 3581 1944 3662 με’νει
1959 3579 2074 3644 ε’νούπιύν
2094 3605 2159 3660 μου,
2180 3581 2249 3662 λε’γει

601 3711 702 3792 κύριος,
723 3706 811 3781 οὕτως
824 3706 954 3790 στήσεται
968 3707 1001 3772 τὸ
1014 3709 1124 3790 σπέρμα
1138 3705 1215 3790 ύμοῖν
1221 3704 1248 3793 ⁷)
1266 3704 1313 3772 καὶΙ
1327 3708 1360 3773 τὸ
1375 3707 1465 3790 ὄνομα
1479 3706 1564 3790 ὑμῶν.
1591 3704 1637 3772 καὶ
1651 3707 1780 3790 Ἰωάννης
1794 3709 1822 3771 ἐν
1838 3710 1873 3788 τῇ
1889 3706 2067 3789 ἀποκαλύψει
2081 3708 2164 3790 (μησίν
2175 3707 2249 3770 Ἰδον

600 3837 718 3920 οὐρανὸν
740 3835 834 3900 καινὸν
856 3833 902 3898 καί
925 3839 973 3918 γῆν
994 3835 1102 3919 καινήν,
1126 3831 1173 3899 καὶ
1193 3835 1241 3919 τίμ
1260 3835 1340 3900 πόλιν
1358 3835 1407 3920 τλγν
1427 3833 1510 3920 άγίαν
1523 3833 1699 3918 Ἰερουσαλὴμ
1717 3834 1812 3918 καινλγν
1832 3831 1890 3898 ίδον
1911 3836 2136 3918 καταβαύουσαν
2155 3836 2185 3897 εἰι
2199 3839 2248 3898 τού

600 3967 717 4048 ούρανοῦ
733 3963 854 4028 ἀπὸτοῦ
869 3966 953 4038 θεοῦ,
968 3960 1166 4046 ἡτοιμασμένην
1180 3961 1220 4036 ὡς
1234 3961 1340 4047 νύμφην
1356 3964 1554 4046 κεκοσγιημενην
1569 3965 1609 4042 τῷ
1625 3957 1704 4046 οἰνδρίΙ
1721 3962 1814 4044 αὐτῆς.
1837 3957 1884 4025 καὶ
1901 3959 2006 4046 ἥκουσα
2019 3965 2114 4046 φακῆς
2130 3961 2248 4044 μεγάλης

599 4091 727 4176 λεγούσης
740 4089 810 4154 Ἰδού
824 4087 841 4172 ἡ·
856 4089 941 4172 σκηνή
955 4093 1004 4153 τοῦ
1018 4093 1090 4154 θεοῦ
1103 4089 1175 4172 μετά
1190 4093 1246 4154 τῶν
1268 4090 1443 4172 ἀνθρώπων,
1462 4085 1510 4154 καί
1528 4089 1660 4172 σκηνώσει
1679 4089 1736 4170 μετ’
1760 4089 1865 4164 αὐτῶν,
1885 4087 1932 4153 καὶ
1952 4087 1969 4154 ὁ
1988 4087 2058 4161 θεὸς
2074 4087 2130 4169 μετ’
2154 4088 2247 4152 αὐτῶν

600 4221 678 4284 ἔσται
694 4214 740 4281 καὶ
755 4218 895 4299 ε’ξαλείψει
909 4219 968 4280 πᾶν
984 4215 1101 4301 δάιιρυον
1117 4217 1175 4282 άπὸ
1195 4221 1251 4281 τῶν
1270 4218 1430 4302 ὀφθαλμονν
1450 4217 1554 4293 αὐτῶν,
1575 4213 1622 4281 καί
1644 4215 1775 4289 θάνατος
1793 4215 1842 4280 ούκ
1862 4217 1939 4280 ἔσται
1958 4216 2009 4292 ἔτι,
2029 4213 2071 4279 ὅτι
2091 4215 2127 4280 τὰ
2147 4219 2247 4298 πρώτα

600 4346 738 4427 ἀπῆλθεν.
757 4340 805 4408 καί
817 4341 874 4408 ίδον
895 4343 945 4428 τὴν
963 4343 1042 4408 πόλιν
1058 4343 1234 4428 Ἰερουσαλὴμ
1253 4344 1370 4426 ἔχουσαν
1390 4345 1438 4428 την
1461 4329 1547 4420 δόξαν
1569 4344 1695 4410 ἀπὸτοῦ
1716 4347 1799 4408 θεοῦ·
1822 4340 1870 4407 καὶ
1889 4343 1917 4407 οἱ
1934 4344 2057 4424 θεμελιοι
2077 4347 2126 4406 τού
2142 4345 2247 4424 τείχους

495 4495 507 4510 ·
600 4473 685 4554 αὐτῆς
703 4473 778 4550 λίθῳ
796 4473 874 4553 τιμίῳ
893 4473 1095 4553 κεκοσμημιλιοι·
1117 4469 1164 4535 καὶ
1180 4469 1196 4554 ἡ
1214 4477 1334 4536 πλατεῖα
1349 4474 1459 4554 χρυσίον
1476 4471 1621 4554 καθαρόν,
1639 4469 1679 4544 ὡς
1691 4469 1770 4544 ύελος
1786 4468 1907 4554 διαυγής·
1929 4465 1976 4534 καὶ
1990 4469 2059 4534 ναὸν
2073 4469 2124 4533 οὐκ
2144 4466 2245 4534 ίδονίν

600 4602 683 4682 αὐτῇ,
704 4597 747 4664 ὅτι
766 4597 855 4680 κύριος
872 4597 940 4671 ναὸς
958 4597 1043 4678 αὐτῆς
1063 4601 1143 4664 ἐστίν.
1166 4595 1213 4664 καί
1231 4599 1263 4664 ού
1281 4599 1319 4683 μὴ
1339 4600 1453 4681 εἰσελθη
1471 4601 1510 4672 είς
1528 4599 1613 4684 einer
1630 4602 1688 4662 πάν
1703 4597 1792 4662 κοινὸν
1810 4594 1857 4662 καί
1872 4601 1931 4670 πᾶς
1944 4601 2031 4661 ποιῶν
2045 4598 2182 4680 βδελυγμα
2197 4593 2244 4660 καί

651 4831 668 4892 ¹)
681 4825 761 4880 Haec
772 4825 807 4878 de
816 4823 931 4894 topezIo
939 4823 1186 4878 eonferendasunt
1196 4823 1301 4877 eumiis
1309 4841 1383 4896 quae
1401 4849 1405 4858 .
1508 4826 1527 4888 ⁵)
1540 4821 1586 4878 Ab
1598 4821 1654 4878 hoe
1667 4821 1734 4877 inde
1746 4821 1811 4878 loeo
1824 4821 1953 4893 pergitur
1969 4839 2033 4876 eum
2050 4826 2129 4876 textu
2146 4821 2237 4875 edito:

600 4912 635 4964 de
652 4909 767 4979 topazi0
785 4909 920 4982 leguntur
931 4908 973 4978 11,
985 4909 1044 4962 226.
1055 4908 1081 4961 A
1094 4913 1123 4962 et
1133 4907 1172 4976 B;
1190 4909 1257 4962 item
1269 4908 1311 4978 II,
1324 4909 1383 4962 233.
1458 4925 1484 4978 p.
1497 4908 1555 4961 231.
1568 4907 1604 4960 A.

600 4995 665 5050 Bet
677 4994 708 5048 C.
1506 4995 1525 5058 ⁶)
1544 4989 1588 5047 cf.
1605 4991 1717 5047 Irenaei
1736 5009 1801 5062 opp.
1819 4991 1856 5046 ab
1874 4989 1929 5044 Ad.
1947 4991 2060 5047 Stieren
2078 4992 2121 5046 ed.
2140 4996 2207 5046 tom¹
2219 4989 2240 5043 Ι.

649 5084 669 5145 ²)
683 5078 781 5134 Codex
792 5077 1001 5144 1e‹.,similiter
1009 5077 1085 5133 iufra
1096 5084 1122 5132 ιν
1133 5079 1223 5143 τόποι,
1236 5083 1262 5132 ιν
1272 5083 1383 5150 καρδίαι,
1457 5097 1484 5150 p.
1495 5077 1546 5132 818
1557 5095 1599 5153 sq.
1623 5074 1757 5132 Ceterum
1770 5076 1916 5148 quaeritur
1928 5093 1966 5131 ιιιι
1977 5093 2050 5148 quae
2063 5092 2097 5130 ex
2108 5074 2240 5131 Iohanne

597 5168 643 5220 τῶι
654 5167 729 5226 λαῶι,
742 5167 784 5232 τῐμ
794 5169 942 5235 περιφερείᾳ
955 5169 984 5219 et
996 5163 1060 5218 alia.
1457 5162 1656 5218 efferunnuad
1663 5161 1948 5232 Anastasiumpotius
1957 5179 2042 5234 quam
2049 5161 2085 5216 ed
2091 5161 2239 5214 Irenaeum

649 5254 667 5314 ³)
681 5249 726 5303 Ite
738 5247 878 5318 etiamn,
890 5249 948 5303 233.
960 5249 1079 5321 legitur3
1100 5254 1199 5304 centra
1211 5249 1251 5318 11,
1269 5249 1327 5305 226.
1341 5255 1384 5304 est
1456 5247 1609 5304 referende
1621 5247 1687 5302 sint.

596 5338 808 5405 μαραινομένους.
1507 5333 1528 5404 ⁷)
1543 5333 1605 5389 Ηοο
1617 5332 1682 5388 loeo
1696 5331 1725 5387 in
1739 5332 1839 5387 codiee
1851 5331 2071 5402 interpungitur.

647 5423 666 5480 ⁴)
679 5419 725 5473 Ita
737 5435 771 5473 ex
785 5418 848 5474 eod.
862 5418 1010 5488 descripsi.
1023 5418 1158 5473 Petavius
1170 5419 1208 5488 ΙΙ,
1220 5420 1278 5476 226.
1292 5419 1384 5476 edidit

598 5505 716 5574 λιγύριον,
729 5519 792 5558 cum
805 5507 887 5565 nota:
900 5502 992 5572 „forte
1004 5504 1180 5574 λιιγκοιύριον.“
