<?xml version="1.0" encoding="UTF-8"?>
<!DOCTYPE html PUBLIC "-//W3C//DTD XHTML 1.0 Transitional//EN"
    "http://www.w3.org/TR/xhtml1/DTD/xhtml1-transitional.dtd">
<html xmlns="http://www.w3.org/1999/xhtml" xml:lang="en" lang="en">
 <head>
  <title>
</title>
<meta http-equiv="Content-Type" content="text/html;charset=utf-8" />
  <meta name='ocr-system' content='tesseract 3.04.00' />
  <meta name='ocr-capabilities' content='ocr_page ocr_carea ocr_par ocr_line ocrx_word'/>
</head>
<body>
  <div class='ocr_page' id='page_1' title='image "anecdotasacraet01tiscgoog_0121.png"; bbox 0 0 5284 6620; ppageno 0'>
   <div class='ocr_carea' id='block_1_1' title="bbox 597 698 660 766">
    <p class='ocr_par' dir='ltr' id='par_1_1' title="bbox 597 698 660 766">
     <span class='ocr_line' id='line_1_1' title="bbox 597 698 660 766; baseline -0.032 0"><span class='ocrx_word' id='word_1_1' title='bbox 597 698 660 766; x_wconf 91' lang='lat'><strong><em>100</em></strong></span> 
     </span>
    </p>
   </div>
   <div class='ocr_carea' id='block_1_2' title="bbox 595 897 2235 986">
    <p class='ocr_par' dir='ltr' id='par_1_2' title="bbox 595 897 2235 986">
     <span class='ocr_line' id='line_1_2' title="bbox 595 897 2235 986; baseline -0.001 -18"><span class='ocrx_word' id='word_1_2' title='bbox 595 907 645 968; x_wconf 83' lang='grc' dir='ltr'><strong><em>τού</em></strong></span> <span class='ocrx_word' id='word_1_3' title='bbox 658 902 763 985; x_wconf 90' lang='grc' dir='ltr'><strong><em>τρόπου</em></strong></span> <span class='ocrx_word' id='word_1_4' title='bbox 776 905 869 975; x_wconf 75' lang='grc' dir='ltr'><strong><em>καλῶς</em></strong></span> <span class='ocrx_word' id='word_1_5' title='bbox 882 897 1022 984; x_wconf 88' lang='grc' dir='ltr'><strong><em>ώνόμασε·</em></strong></span> <span class='ocrx_word' id='word_1_6' title='bbox 1037 897 1085 966; x_wconf 79' lang='grc' dir='ltr'><strong><em>καί</em></strong></span> <span class='ocrx_word' id='word_1_7' title='bbox 1098 899 1149 985; x_wconf 82' lang='grc' dir='ltr'><strong><em>τήτ</em></strong></span> <span class='ocrx_word' id='word_1_8' title='bbox 1162 900 1243 983; x_wconf 81' lang='grc' dir='ltr'><strong><em>παρά</em></strong></span> <span class='ocrx_word' id='word_1_9' title='bbox 1257 899 1349 973; x_wconf 96' lang='grc' dir='ltr'><strong><em>πόδας</em></strong></span> <span class='ocrx_word' id='word_1_10' title='bbox 1362 901 1498 966; x_wconf 74' lang='grc' dir='ltr'><strong><em>τάείιιοσιτ</em></strong></span> <span class='ocrx_word' id='word_1_11' title='bbox 1513 897 1608 986; x_wconf 86' lang='grc' dir='ltr'><strong><em>έπάγει</em></strong></span> <span class='ocrx_word' id='word_1_12' title='bbox 1621 899 1741 984; x_wconf 82' lang='grc' dir='ltr'><strong><em>φάσκων</em></strong></span> <span class='ocrx_word' id='word_1_13' title='bbox 1746 899 1903 986; x_wconf 82' lang='grc' dir='ltr'><strong><em>Ἔρρύσθητ</em></strong></span> <span class='ocrx_word' id='word_1_14' title='bbox 1918 901 1948 966; x_wconf 77' lang='lat' dir='ltr'><strong><em>ix</em></strong></span> <span class='ocrx_word' id='word_1_15' title='bbox 1961 903 2102 986; x_wconf 87' lang='grc' dir='ltr'><strong><em>στόματος</em></strong></span> <span class='ocrx_word' id='word_1_16' title='bbox 2114 905 2235 977; x_wconf 81' lang='grc' dir='ltr'><strong><em>λέοντος.</em></strong></span> 
     </span>
    </p>
   </div>
   <div class='ocr_carea' id='block_1_3' title="bbox 593 1024 2237 1621">
    <p class='ocr_par' dir='ltr' id='par_1_3' title="bbox 593 1024 2237 1621">
     <span class='ocr_line' id='line_1_3' title="bbox 595 1024 2236 1114; baseline 0.001 -20"><span class='ocrx_word' id='word_1_17' title='bbox 595 1029 670 1095; x_wconf 75' lang='grc' dir='ltr'><strong><em>ἀλλά</em></strong></span> <span class='ocrx_word' id='word_1_18' title='bbox 683 1026 731 1094; x_wconf 76' lang='grc' dir='ltr'><strong><em>καί</em></strong></span> <span class='ocrx_word' id='word_1_19' title='bbox 744 1028 860 1112; x_wconf 85' lang='grc' dir='ltr'><strong><em>ῥύσεταί</em></strong></span> <span class='ocrx_word' id='word_1_20' title='bbox 868 1054 902 1112; x_wconf 88' lang='grc' dir='ltr'><strong><em>με</em></strong></span> <span class='ocrx_word' id='word_1_21' title='bbox 915 1025 1006 1111; x_wconf 86' lang='grc' dir='ltr'><strong><em>οιύριος</em></strong></span> <span class='ocrx_word' id='word_1_22' title='bbox 1020 1025 1080 1094; x_wconf 84' lang='grc' dir='ltr'><strong><em>ἀπό</em></strong></span> <span class='ocrx_word' id='word_1_23' title='bbox 1095 1026 1203 1101; x_wconf 82' lang='grc' dir='ltr'><strong><em>παντὸς</em></strong></span> <span class='ocrx_word' id='word_1_24' title='bbox 1217 1029 1296 1112; x_wconf 82' lang='grc' dir='ltr'><strong><em>ἔργον</em></strong></span> <span class='ocrx_word' id='word_1_25' title='bbox 1309 1033 1430 1111; x_wconf 86' lang='grc' dir='ltr'><strong><em>πονηρού</em></strong></span> <span class='ocrx_word' id='word_1_26' title='bbox 1443 1024 1492 1092; x_wconf 77' lang='grc' dir='ltr'><strong><em>καὶ</em></strong></span> <span class='ocrx_word' id='word_1_27' title='bbox 1506 1027 1589 1096; x_wconf 89' lang='grc' dir='ltr'><strong><em>σώσει</em></strong></span> <span class='ocrx_word' id='word_1_28' title='bbox 1607 1029 1646 1102; x_wconf 88' lang='grc' dir='ltr'><strong><em>εἰς</em></strong></span> <span class='ocrx_word' id='word_1_29' title='bbox 1664 1027 1714 1112; x_wconf 81' lang='grc' dir='ltr'><strong><em>τήν</em></strong></span> <span class='ocrx_word' id='word_1_30' title='bbox 1731 1029 1875 1114; x_wconf 66' lang='grc' dir='ltr'><strong><em>βασιλειαν</em></strong></span> <span class='ocrx_word' id='word_1_31' title='bbox 1894 1029 1980 1096; x_wconf 82' lang='grc' dir='ltr'><strong><em>αύτού</em></strong></span> <span class='ocrx_word' id='word_1_32' title='bbox 1998 1029 2047 1114; x_wconf 82' lang='grc' dir='ltr'><strong><em>τήν</em></strong></span> <span class='ocrx_word' id='word_1_33' title='bbox 2066 1029 2236 1114; x_wconf 82' lang='grc' dir='ltr'><strong><em>ίπουράτιον,</em></strong></span> 
     </span>
     <span class='ocr_line' id='line_1_4' title="bbox 593 1152 2236 1242; baseline -0.001 -20"><span class='ocrx_word' id='word_1_34' title='bbox 593 1155 774 1240; x_wconf 84' lang='grc' dir='ltr'><strong><em>ύπεμφαίνων</em></strong></span> <span class='ocrx_word' id='word_1_35' title='bbox 791 1155 825 1220; x_wconf 89' lang='grc' dir='ltr'><strong><em>τό</em></strong></span> <span class='ocrx_word' id='word_1_36' title='bbox 844 1157 1006 1240; x_wconf 75' lang='grc' dir='ltr'><strong><em>παραυτίκα</em></strong></span> <span class='ocrx_word' id='word_1_37' title='bbox 1023 1155 1184 1240; x_wconf 83' lang='grc' dir='ltr'><strong><em>μαρτύριον,</em></strong></span> <span class='ocrx_word' id='word_1_38' title='bbox 1206 1153 1222 1220; x_wconf 88' lang='grc' dir='ltr'><strong><em>ὀ</em></strong></span> <span class='ocrx_word' id='word_1_39' title='bbox 1241 1152 1289 1220; x_wconf 76' lang='grc' dir='ltr'><strong><em>καὶ</em></strong></span> <span class='ocrx_word' id='word_1_40' title='bbox 1307 1155 1479 1239; x_wconf 76' lang='grc' dir='ltr'><strong><em>σοφώτερον</em></strong></span> <span class='ocrx_word' id='word_1_41' title='bbox 1497 1155 1526 1220; x_wconf 80' lang='grc' dir='ltr'><strong><em>έν</em></strong></span> <span class='ocrx_word' id='word_1_42' title='bbox 1544 1159 1578 1236; x_wconf 76' lang='grc' dir='ltr'><strong><em>τῇ</em></strong></span> <span class='ocrx_word' id='word_1_43' title='bbox 1595 1155 1666 1238; x_wconf 80' lang='grc' dir='ltr'><strong><em>αύτή</em></strong></span> <span class='ocrx_word' id='word_1_44' title='bbox 1680 1155 1878 1240; x_wconf 67' lang='grc' dir='ltr'><strong><em>προσαγορεύω</em></strong></span> <span class='ocrx_word' id='word_1_45' title='bbox 1892 1161 1986 1241; x_wconf 83' lang='grc' dir='ltr'><strong><em>γραφή</em></strong></span> <span class='ocrx_word' id='word_1_46' title='bbox 1999 1159 2086 1242; x_wconf 75' lang='grc' dir='ltr'><strong><em>λέγων</em></strong></span> <span class='ocrx_word' id='word_1_47' title='bbox 2097 1157 2167 1242; x_wconf 84' lang='grc' dir='ltr'><strong><em>Ἐγώ</em></strong></span> <span class='ocrx_word' id='word_1_48' title='bbox 2182 1157 2236 1242; x_wconf 79' lang='grc' dir='ltr'><strong><em>γάρ</em></strong></span> 
     </span>
     <span class='ocr_line' id='line_1_5' title="bbox 594 1280 2237 1368; baseline 0 -18"><span class='ocrx_word' id='word_1_49' title='bbox 594 1283 646 1368; x_wconf 88' lang='grc' dir='ltr'><strong><em>ήδη</em></strong></span> <span class='ocrx_word' id='word_1_50' title='bbox 660 1284 823 1364; x_wconf 86' lang='grc' dir='ltr'><strong><em>σπένδομαι,</em></strong></span> <span class='ocrx_word' id='word_1_51' title='bbox 837 1280 885 1346; x_wconf 80' lang='grc' dir='ltr'><strong><em>καί</em></strong></span> <span class='ocrx_word' id='word_1_52' title='bbox 899 1281 915 1348; x_wconf 89' lang='grc' dir='ltr'><strong>ὁ</strong></span> <span class='ocrx_word' id='word_1_53' title='bbox 930 1281 1026 1364; x_wconf 85' lang='grc' dir='ltr'><strong><em>καιρός</em></strong></span> <span class='ocrx_word' id='word_1_54' title='bbox 1039 1285 1089 1365; x_wconf 88' lang='grc' dir='ltr'><strong><em>τής</em></strong></span> <span class='ocrx_word' id='word_1_55' title='bbox 1103 1282 1167 1366; x_wconf 83' lang='grc' dir='ltr'><strong><em>ίμής</em></strong></span> <span class='ocrx_word' id='word_1_56' title='bbox 1182 1281 1342 1356; x_wconf 83' lang='grc' dir='ltr'><strong><em>ἀναλύσεως</em></strong></span> <span class='ocrx_word' id='word_1_57' title='bbox 1356 1282 1509 1365; x_wconf 71' lang='grc' dir='ltr'><strong><em>ίφεσπμιεν.</em></strong></span> <span class='ocrx_word' id='word_1_58' title='bbox 1532 1282 1776 1366; x_wconf 78' lang='grc' dir='ltr'><strong><em>ἀπολογησάμενος</em></strong></span> <span class='ocrx_word' id='word_1_59' title='bbox 1789 1284 1881 1350; x_wconf 84' lang='grc' dir='ltr'><strong><em>τοίνυν</em></strong></span> <span class='ocrx_word' id='word_1_60' title='bbox 1893 1281 1942 1367; x_wconf 84' lang='grc' dir='ltr'><strong><em>τήν</em></strong></span> <span class='ocrx_word' id='word_1_61' title='bbox 1956 1284 2068 1368; x_wconf 85' lang='grc' dir='ltr'><strong><em>πρώτην</em></strong></span> <span class='ocrx_word' id='word_1_62' title='bbox 2083 1285 2237 1368; x_wconf 85' lang='grc' dir='ltr'><strong><em>ἀπολογίαν</em></strong></span> 
     </span>
     <span class='ocr_line' id='line_1_6' title="bbox 595 1405 2235 1496; baseline 0.001 -21"><span class='ocrx_word' id='word_1_63' title='bbox 595 1408 643 1476; x_wconf 82' lang='grc' dir='ltr'><strong><em>καί</em></strong></span> <span class='ocrx_word' id='word_1_64' title='bbox 657 1405 743 1484; x_wconf 73' lang='grc' dir='ltr'><strong><em>αὖθις</em></strong></span> <span class='ocrx_word' id='word_1_65' title='bbox 757 1407 802 1474; x_wconf 75' lang='lat' dir='ltr'><strong><em>ini</em></strong></span> <span class='ocrx_word' id='word_1_66' title='bbox 816 1408 865 1494; x_wconf 81' lang='grc' dir='ltr'><strong><em>τήν</em></strong></span> <span class='ocrx_word' id='word_1_67' title='bbox 878 1413 928 1474; x_wconf 79' lang='grc' dir='ltr'><strong><em>τοῦ</em></strong></span> <span class='ocrx_word' id='word_1_68' title='bbox 942 1409 1113 1493; x_wconf 75' lang='grc' dir='ltr'><strong><em>κηρύγματος</em></strong></span> <span class='ocrx_word' id='word_1_69' title='bbox 1127 1411 1269 1475; x_wconf 71' lang='grc' dir='ltr'><strong><em>διακονίαν</em></strong></span> <span class='ocrx_word' id='word_1_70' title='bbox 1282 1408 1469 1490; x_wconf 76' lang='grc' dir='ltr'><strong><em>στειλάμενος,</em></strong></span> <span class='ocrx_word' id='word_1_71' title='bbox 1488 1409 1549 1474; x_wconf 77' lang='grc' dir='ltr'><strong><em>εἶτα</em></strong></span> <span class='ocrx_word' id='word_1_72' title='bbox 1563 1407 1648 1475; x_wconf 77' lang='grc' dir='ltr'><strong><em>πόλιν</em></strong></span> <span class='ocrx_word' id='word_1_73' title='bbox 1661 1409 1694 1475; x_wconf 90' lang='grc' dir='ltr'><strong><em>τό</em></strong></span> <span class='ocrx_word' id='word_1_74' title='bbox 1709 1409 1834 1494; x_wconf 82' lang='grc' dir='ltr'><strong><em>δεύτερον</em></strong></span> <span class='ocrx_word' id='word_1_75' title='bbox 1848 1409 1947 1496; x_wconf 87' lang='grc' dir='ltr'><strong><em>ε’πιβάς</em></strong></span> <span class='ocrx_word' id='word_1_76' title='bbox 1960 1415 1994 1492; x_wconf 74' lang='grc' dir='ltr'><strong><em>τῇ</em></strong></span> <span class='ocrx_word' id='word_1_77' title='bbox 2007 1410 2099 1494; x_wconf 85' lang='grc' dir='ltr'><strong><em>Ῥώμη</em></strong></span> <span class='ocrx_word' id='word_1_78' title='bbox 2119 1412 2235 1494; x_wconf 73' lang='grc' dir='ltr'><strong><em>δέσμιος,</em></strong></span> 
     </span>
     <span class='ocr_line' id='line_1_7' title="bbox 594 1521 2233 1621; baseline 0 -19"><span class='ocrx_word' id='word_1_79' title='bbox 594 1521 647 1604; x_wconf 77' lang='grc' dir='ltr'><strong><em>καί</em></strong></span> <span class='ocrx_word' id='word_1_80' title='bbox 656 1537 791 1610; x_wconf 79' lang='grc' dir='ltr'><strong><em>ὡσαύτως</em></strong></span> <span class='ocrx_word' id='word_1_81' title='bbox 798 1537 911 1620; x_wconf 79' lang='grc' dir='ltr'><strong><em>Νέρωνι</em></strong></span> <span class='ocrx_word' id='word_1_82' title='bbox 924 1533 1102 1620; x_wconf 77' lang='grc' dir='ltr'><strong><em>παραδοθεὶς</em></strong></span> <span class='ocrx_word' id='word_1_83' title='bbox 1115 1535 1164 1602; x_wconf 87' lang='grc' dir='ltr'><strong><em>τὸν</em></strong></span> <span class='ocrx_word' id='word_1_84' title='bbox 1178 1535 1225 1601; x_wconf 88' lang='grc' dir='ltr'><strong><em>διά</em></strong></span> <span class='ocrx_word' id='word_1_85' title='bbox 1239 1538 1336 1619; x_wconf 80' lang='grc' dir='ltr'><strong><em>ξίφους</em></strong></span> <span class='ocrx_word' id='word_1_86' title='bbox 1349 1541 1399 1600; x_wconf 81' lang='grc' dir='ltr'><strong><em>τού</em></strong></span> <span class='ocrx_word' id='word_1_87' title='bbox 1411 1539 1561 1618; x_wconf 79' lang='grc' dir='ltr'><strong><em>μαρτυρίου</em></strong></span> <span class='ocrx_word' id='word_1_88' title='bbox 1575 1537 1714 1618; x_wconf 81' lang='grc' dir='ltr'><strong><em>στέφανον</em></strong></span> <span class='ocrx_word' id='word_1_89' title='bbox 1728 1534 1883 1619; x_wconf 68' lang='grc' dir='ltr'><strong><em>ἀνεδήσατο</em></strong></span> <span class='ocrx_word' id='word_1_90' title='bbox 1896 1534 2067 1621; x_wconf 75' lang='grc' dir='ltr'><strong><em>γομλἸουνάρ</em></strong></span> <span class='ocrx_word' id='word_1_91' title='bbox 2079 1545 2143 1602; x_wconf 78' lang='grc' dir='ltr'><strong><em>κθ’.</em></strong></span> <span class='ocrx_word' id='word_1_92' title='bbox 2165 1537 2233 1603; x_wconf 84' lang='grc' dir='ltr'><strong><em>καθ’</em></strong></span> 
     </span>
    </p>
   </div>
   <div class='ocr_carea' id='block_1_4' title="bbox 555 1660 2236 5560">
    <p class='ocr_par' dir='ltr' id='par_1_4' title="bbox 555 1660 2236 3276">
     <span class='ocr_line' id='line_1_8' title="bbox 593 1660 2236 1750; baseline -0.001 -21"><span class='ocrx_word' id='word_1_93' title='bbox 593 1665 626 1750; x_wconf 69' lang='grc' dir='ltr'><strong><em>ὀμ</em></strong></span> <span class='ocrx_word' id='word_1_94' title='bbox 638 1664 741 1748; x_wconf 80' lang='grc' dir='ltr'><strong><em>ἡμέραν</em></strong></span> <span class='ocrx_word' id='word_1_95' title='bbox 755 1661 803 1730; x_wconf 83' lang='grc' dir='ltr'><strong><em>καὶ</em></strong></span> <span class='ocrx_word' id='word_1_96' title='bbox 818 1664 928 1747; x_wconf 88' lang='grc' dir='ltr'><strong><em>Πέτρος</em></strong></span> <span class='ocrx_word' id='word_1_97' title='bbox 942 1663 1122 1746; x_wconf 79' lang='grc' dir='ltr'><strong><em>ἐσταυρώθη,</em></strong></span> <span class='ocrx_word' id='word_1_98' title='bbox 1137 1663 1273 1746; x_wconf 84' lang='grc' dir='ltr'><strong><em>καθάπερ</em></strong></span> <span class='ocrx_word' id='word_1_99' title='bbox 1287 1660 1335 1728; x_wconf 77' lang='grc' dir='ltr'><strong><em>καὶ</em></strong></span> <span class='ocrx_word' id='word_1_100' title='bbox 1351 1663 1472 1746; x_wconf 84' lang='grc' dir='ltr'><strong><em>Μάρκος</em></strong></span> <span class='ocrx_word' id='word_1_101' title='bbox 1485 1660 1533 1728; x_wconf 82' lang='grc' dir='ltr'><strong><em>καὶ</em></strong></span> <span class='ocrx_word' id='word_1_102' title='bbox 1546 1667 1664 1736; x_wconf 80' lang='grc' dir='ltr'><strong><em>Λουκᾶς</em></strong></span> <span class='ocrx_word' id='word_1_103' title='bbox 1678 1663 1704 1728; x_wconf 86' lang='grc' dir='ltr'><strong><em>οἱ</em></strong></span> <span class='ocrx_word' id='word_1_104' title='bbox 1717 1661 1904 1747; x_wconf 70' lang='grc' dir='ltr'><strong><em>εύαγγάισταὶ</em></strong></span> <span class='ocrx_word' id='word_1_105' title='bbox 1918 1661 1966 1729; x_wconf 75' lang='grc' dir='ltr'><strong><em>καὶ</em></strong></span> <span class='ocrx_word' id='word_1_106' title='bbox 1978 1664 2110 1750; x_wconf 80' lang='grc' dir='ltr'><strong><em>Ἰάκωβος</em></strong></span> <span class='ocrx_word' id='word_1_107' title='bbox 2124 1663 2141 1732; x_wconf 87' lang='grc' dir='ltr'><strong><em>ὁ</em></strong></span> <span class='ocrx_word' id='word_1_108' title='bbox 2160 1664 2236 1730; x_wconf 88' lang='grc' dir='ltr'><strong><em>ἀδελ-</em></strong></span> 
     </span>
     <span class='ocr_line' id='line_1_9' title="bbox 594 1785 2236 1876; baseline -0.001 -19"><span class='ocrx_word' id='word_1_109' title='bbox 594 1792 711 1875; x_wconf 87' lang='grc' dir='ltr'><strong><em>φύθεος.</em></strong></span> <span class='ocrx_word' id='word_1_110' title='bbox 733 1791 749 1857; x_wconf 88' lang='grc' dir='ltr'><strong><em>ό</em></strong></span> <span class='ocrx_word' id='word_1_111' title='bbox 764 1785 811 1857; x_wconf 72' lang='lat' dir='ltr'><strong><em>civ</em></strong></span> <span class='ocrx_word' id='word_1_112' title='bbox 825 1796 943 1864; x_wconf 82' lang='grc' dir='ltr'><strong><em>Λουκᾶς</em></strong></span> <span class='ocrx_word' id='word_1_113' title='bbox 956 1789 1001 1856; x_wconf 83' lang='grc' dir='ltr'><strong><em>ίπλ</em></strong></span> <span class='ocrx_word' id='word_1_114' title='bbox 1015 1791 1112 1864; x_wconf 78' lang='grc' dir='ltr'><strong><em>ελυίας</em></strong></span> <span class='ocrx_word' id='word_1_115' title='bbox 1125 1790 1305 1874; x_wconf 80' lang='grc' dir='ltr'><strong><em>καρποφόρου</em></strong></span> <span class='ocrx_word' id='word_1_116' title='bbox 1319 1789 1508 1874; x_wconf 83' lang='grc' dir='ltr'><strong><em>σταυρωθείς,</em></strong></span> <span class='ocrx_word' id='word_1_117' title='bbox 1527 1789 1765 1874; x_wconf 83' lang='grc' dir='ltr'><strong><em>μήεύρισκομένου</em></strong></span> <span class='ocrx_word' id='word_1_118' title='bbox 1778 1789 1860 1868; x_wconf 88' lang='grc' dir='ltr'><strong><em>ξύλου</em></strong></span> <span class='ocrx_word' id='word_1_119' title='bbox 1874 1792 1957 1874; x_wconf 84' lang='grc' dir='ltr'><strong><em>ξηρού</em></strong></span> <span class='ocrx_word' id='word_1_120' title='bbox 1971 1791 2042 1875; x_wconf 87' lang='grc' dir='ltr'><strong><em>πρός</em></strong></span> <span class='ocrx_word' id='word_1_121' title='bbox 2056 1792 2089 1858; x_wconf 91' lang='grc' dir='ltr'><strong><em>τό</em></strong></span> <span class='ocrx_word' id='word_1_122' title='bbox 2104 1792 2236 1876; x_wconf 82' lang='grc' dir='ltr'><strong><em>γενέσθω</em></strong></span> 
     </span>
     <span class='ocr_line' id='line_1_10' title="bbox 594 1913 2234 2003; baseline -0.002 -18"><span class='ocrx_word' id='word_1_123' title='bbox 594 1918 716 2002; x_wconf 86' lang='grc' dir='ltr'><strong><em>σταυρόν</em></strong></span> <span class='ocrx_word' id='word_1_124' title='bbox 734 1918 762 1982; x_wconf 83' lang='grc' dir='ltr'><strong><em>έν</em></strong></span> <span class='ocrx_word' id='word_1_125' title='bbox 780 1923 821 1998; x_wconf 78' lang='grc' dir='ltr'><strong><em>τῷ</em></strong></span> <span class='ocrx_word' id='word_1_126' title='bbox 839 1918 929 1998; x_wconf 86' lang='grc' dir='ltr'><strong><em>τόπῳ,</em></strong></span> <span class='ocrx_word' id='word_1_127' title='bbox 949 1918 1043 2002; x_wconf 84' lang='grc' dir='ltr'><strong><em>λαβών</em></strong></span> <span class='ocrx_word' id='word_1_128' title='bbox 1057 1943 1098 1992; x_wconf 84' lang='grc' dir='ltr'><strong><em>τις</em></strong></span> <span class='ocrx_word' id='word_1_129' title='bbox 1112 1915 1145 1983; x_wconf 91' lang='grc' dir='ltr'><strong><em>τό</em></strong></span> <span class='ocrx_word' id='word_1_130' title='bbox 1159 1921 1243 1999; x_wconf 79' lang='grc' dir='ltr'><strong><em>σῶμα</em></strong></span> <span class='ocrx_word' id='word_1_131' title='bbox 1257 1913 1304 1982; x_wconf 76' lang='grc' dir='ltr'><strong><em>καί</em></strong></span> <span class='ocrx_word' id='word_1_132' title='bbox 1317 1918 1422 2001; x_wconf 80' lang='grc' dir='ltr'><strong><em>μεταξύ</em></strong></span> <span class='ocrx_word' id='word_1_133' title='bbox 1435 1921 1546 1982; x_wconf 73' lang='grc' dir='ltr'><strong><em>πολλῶν</em></strong></span> <span class='ocrx_word' id='word_1_134' title='bbox 1558 1918 1693 2000; x_wconf 77' lang='grc' dir='ltr'><strong><em>μνημείου</em></strong></span> <span class='ocrx_word' id='word_1_135' title='bbox 1707 1917 1817 2000; x_wconf 87' lang='grc' dir='ltr'><strong><em>θάψας</em></strong></span> <span class='ocrx_word' id='word_1_136' title='bbox 1830 1917 1933 2000; x_wconf 90' lang='grc' dir='ltr'><strong><em>ἀδηλον</em></strong></span> <span class='ocrx_word' id='word_1_137' title='bbox 1948 1919 2058 2001; x_wconf 78' lang='grc' dir='ltr'><strong><em>ἐποίησε</em></strong></span> <span class='ocrx_word' id='word_1_138' title='bbox 2071 1918 2121 1986; x_wconf 84' lang='grc' dir='ltr'><strong><em>τὸν</em></strong></span> <span class='ocrx_word' id='word_1_139' title='bbox 2135 1919 2234 2003; x_wconf 89' lang='grc' dir='ltr'><strong><em>τάφον.</em></strong></span> 
     </span>
     <span class='ocr_line' id='line_1_11' title="bbox 555 2035 2234 2130; baseline -0.002 -17"><span class='ocrx_word' id='word_1_140' title='bbox 555 2035 560 2046; x_wconf 54' lang='grc'><strong><em>’</em></strong></span> <span class='ocrx_word' id='word_1_141' title='bbox 593 2053 650 2113; x_wconf 85' lang='grc' dir='ltr'><strong><em>τών</em></strong></span> <span class='ocrx_word' id='word_1_142' title='bbox 664 2044 694 2110; x_wconf 79' lang='grc' dir='ltr'><strong><em>δὲ</em></strong></span> <span class='ocrx_word' id='word_1_143' title='bbox 706 2051 845 2129; x_wconf 78' lang='grc' dir='ltr'><strong><em>μαθητῶν</em></strong></span> <span class='ocrx_word' id='word_1_144' title='bbox 860 2044 1069 2127; x_wconf 84' lang='grc' dir='ltr'><strong><em>ἀναζητούντων</em></strong></span> <span class='ocrx_word' id='word_1_145' title='bbox 1087 2045 1233 2127; x_wconf 70' lang='grc' dir='ltr'><strong><em>μετεπωτα</em></strong></span> <span class='ocrx_word' id='word_1_146' title='bbox 1252 2041 1300 2108; x_wconf 79' lang='grc' dir='ltr'><strong><em>καὶ</em></strong></span> <span class='ocrx_word' id='word_1_147' title='bbox 1318 2043 1355 2127; x_wconf 84' lang='grc' dir='ltr'><strong><em>μή</em></strong></span> <span class='ocrx_word' id='word_1_148' title='bbox 1373 2043 1552 2128; x_wconf 71' lang='grc' dir='ltr'><strong><em>εὑρισκόντων</em></strong></span> <span class='ocrx_word' id='word_1_149' title='bbox 1572 2044 1657 2112; x_wconf 70' lang='lat' dir='ltr'>circi</span> <span class='ocrx_word' id='word_1_150' title='bbox 1675 2045 1724 2112; x_wconf 84' lang='grc' dir='ltr'><strong><em>τὸν</em></strong></span> <span class='ocrx_word' id='word_1_151' title='bbox 1742 2045 1834 2127; x_wconf 88' lang='grc' dir='ltr'><strong><em>τάφον</em></strong></span> <span class='ocrx_word' id='word_1_152' title='bbox 1853 2045 1900 2111; x_wconf 83' lang='grc' dir='ltr'><strong><em>διά</em></strong></span> <span class='ocrx_word' id='word_1_153' title='bbox 1918 2046 1952 2112; x_wconf 88' lang='grc' dir='ltr'><strong><em>τό</em></strong></span> <span class='ocrx_word' id='word_1_154' title='bbox 1969 2051 2082 2130; x_wconf 76' lang='grc' dir='ltr'><strong><em>πλῆθος</em></strong></span> <span class='ocrx_word' id='word_1_155' title='bbox 2099 2051 2157 2112; x_wconf 72' lang='grc' dir='ltr'><strong><em>τοῖν</em></strong></span> <span class='ocrx_word' id='word_1_156' title='bbox 2173 2073 2234 2130; x_wconf 78' lang='grc' dir='ltr'><strong><em>μνη</em></strong></span> 
     </span>
     <span class='ocr_line' id='line_1_12' title="bbox 592 2167 2232 2259; baseline -0.002 -21"><span class='ocrx_word' id='word_1_157' title='bbox 592 2175 698 2257; x_wconf 89' lang='grc' dir='ltr'><strong><em>μάτων,</em></strong></span> <span class='ocrx_word' id='word_1_158' title='bbox 714 2171 760 2238; x_wconf 78' lang='grc' dir='ltr'><strong><em>καί</em></strong></span> <span class='ocrx_word' id='word_1_159' title='bbox 775 2173 1002 2254; x_wconf 84' lang='grc' dir='ltr'><strong><em>προσευξαμένωτ</em></strong></span> <span class='ocrx_word' id='word_1_160' title='bbox 1017 2171 1109 2236; x_wconf 78' lang='grc' dir='ltr'><strong><em>αὐτῶν</em></strong></span> <span class='ocrx_word' id='word_1_161' title='bbox 1125 2167 1482 2258; x_wconf 78' lang='grc' dir='ltr'><strong><em>(Οοὶο1.ιιριοιοξάμιιοι)</em></strong></span> <span class='ocrx_word' id='word_1_162' title='bbox 1498 2175 1532 2254; x_wconf 78' lang='grc' dir='ltr'><strong><em>νή</em></strong></span> <span class='ocrx_word' id='word_1_163' title='bbox 1546 2169 1621 2238; x_wconf 80' lang='grc' dir='ltr'><strong><em>νυκτὶ</em></strong></span> <span class='ocrx_word' id='word_1_164' title='bbox 1636 2168 1743 2256; x_wconf 95' lang='grc'><strong>(1706.</strong></span> <span class='ocrx_word' id='word_1_165' title='bbox 1759 2170 1834 2237; x_wconf 77' lang='lat' dir='ltr'><strong>add.</strong></span> <span class='ocrx_word' id='word_1_166' title='bbox 1850 2169 1950 2256; x_wconf 87' lang='grc' dir='ltr'><strong><em>ε’κείνη)</em></strong></span> <span class='ocrx_word' id='word_1_167' title='bbox 1966 2174 2110 2257; x_wconf 85' lang='grc' dir='ltr'><strong><em>κουλούρια</em></strong></span> <span class='ocrx_word' id='word_1_168' title='bbox 2125 2169 2232 2259; x_wconf 89' lang='grc'><strong>(1706.</strong></span> 
     </span>
     <span class='ocr_line' id='line_1_13' title="bbox 592 2293 2234 2384; baseline -0.001 -17"><span class='ocrx_word' id='word_1_169' title='bbox 592 2295 745 2384; x_wconf 85' lang='grc' dir='ltr'><strong><em>κουλλούρ.)</em></strong></span> <span class='ocrx_word' id='word_1_170' title='bbox 761 2299 862 2384; x_wconf 83' lang='grc' dir='ltr'><strong><em>βρέξας</em></strong></span> <span class='ocrx_word' id='word_1_171' title='bbox 878 2293 984 2383; x_wconf 90' lang='grc'><strong>(1706.</strong></span> <span class='ocrx_word' id='word_1_172' title='bbox 1001 2294 1121 2384; x_wconf 81' lang='grc' dir='ltr'><strong><em>ἔβρεξεν)</em></strong></span> <span class='ocrx_word' id='word_1_173' title='bbox 1137 2297 1152 2364; x_wconf 90' lang='grc' dir='ltr'><strong><em>ό</em></strong></span> <span class='ocrx_word' id='word_1_174' title='bbox 1167 2298 1238 2372; x_wconf 84' lang='grc' dir='ltr'><strong><em>θεὸς</em></strong></span> <span class='ocrx_word' id='word_1_175' title='bbox 1252 2298 1362 2381; x_wconf 87' lang='grc' dir='ltr'><strong><em>ίατροιά</em></strong></span> <span class='ocrx_word' id='word_1_176' title='bbox 1376 2299 1471 2364; x_wconf 87' lang='grc' dir='ltr'><strong><em>ε’πάνιο</em></strong></span> <span class='ocrx_word' id='word_1_177' title='bbox 1485 2304 1535 2365; x_wconf 81' lang='grc' dir='ltr'><strong><em>τοῦ</em></strong></span> <span class='ocrx_word' id='word_1_178' title='bbox 1548 2298 1649 2382; x_wconf 87' lang='grc' dir='ltr'><strong><em>τάφου,</em></strong></span> <span class='ocrx_word' id='word_1_179' title='bbox 1663 2297 1789 2384; x_wconf 83' lang='grc' dir='ltr'><strong><em>σύμβολα</em></strong></span> <span class='ocrx_word' id='word_1_180' title='bbox 1802 2304 1851 2384; x_wconf 82' lang='grc' dir='ltr'><strong><em>τῆς</em></strong></span> <span class='ocrx_word' id='word_1_181' title='bbox 1866 2299 2013 2384; x_wconf 70' lang='grc' dir='ltr'><strong><em>ἐπιστήμης</em></strong></span> <span class='ocrx_word' id='word_1_182' title='bbox 2032 2301 2130 2376; x_wconf 81' lang='grc' dir='ltr'><strong><em>αύτοῦ,</em></strong></span> <span class='ocrx_word' id='word_1_183' title='bbox 2153 2305 2234 2384; x_wconf 75' lang='grc' dir='ltr'><strong><em>δήλου</em></strong></span> 
     </span>
     <span class='ocr_line' id='line_1_14' title="bbox 594 2420 2234 2512; baseline 0.001 -21"><span class='ocrx_word' id='word_1_184' title='bbox 594 2429 703 2510; x_wconf 75' lang='grc' dir='ltr'><strong><em>ε’τιοιησε</em></strong></span> <span class='ocrx_word' id='word_1_185' title='bbox 724 2427 773 2494; x_wconf 90' lang='grc' dir='ltr'><strong><em>τόν</em></strong></span> <span class='ocrx_word' id='word_1_186' title='bbox 794 2427 886 2508; x_wconf 82' lang='grc' dir='ltr'><strong><em>τάφον</em></strong></span> <span class='ocrx_word' id='word_1_187' title='bbox 909 2420 1016 2510; x_wconf 90' lang='grc'><strong>(1706.</strong></span> <span class='ocrx_word' id='word_1_188' title='bbox 1032 2445 1093 2511; x_wconf 87' lang='lat' dir='ltr'><strong><em>pro</em></strong></span> <span class='ocrx_word' id='word_1_189' title='bbox 1112 2429 1194 2507; x_wconf 81' lang='grc' dir='ltr'><strong><em>δήλου</em></strong></span> <span class='ocrx_word' id='word_1_190' title='bbox 1208 2433 1269 2490; x_wconf 82' lang='lat' dir='ltr'>etc.</span> <span class='ocrx_word' id='word_1_191' title='bbox 1289 2423 1337 2490; x_wconf 77' lang='grc' dir='ltr'><strong><em>καὶ</em></strong></span> <span class='ocrx_word' id='word_1_192' title='bbox 1355 2426 1385 2490; x_wconf 77' lang='grc' dir='ltr'><strong><em>ἐκ</em></strong></span> <span class='ocrx_word' id='word_1_193' title='bbox 1402 2424 1501 2492; x_wconf 87' lang='grc' dir='ltr'><strong><em>τούτου</em></strong></span> <span class='ocrx_word' id='word_1_194' title='bbox 1518 2431 1568 2492; x_wconf 81' lang='grc' dir='ltr'><strong><em>τοῦ</em></strong></span> <span class='ocrx_word' id='word_1_195' title='bbox 1586 2428 1698 2510; x_wconf 89' lang='grc' dir='ltr'><strong><em>σημείου</em></strong></span> <span class='ocrx_word' id='word_1_196' title='bbox 1714 2429 1806 2511; x_wconf 82' lang='grc' dir='ltr'><strong><em>γέγονε</em></strong></span> <span class='ocrx_word' id='word_1_197' title='bbox 1823 2427 1956 2511; x_wconf 84' lang='grc' dir='ltr'><strong><em>γνώριμος</em></strong></span> <span class='ocrx_word' id='word_1_198' title='bbox 1973 2427 1989 2493; x_wconf 88' lang='grc' dir='ltr'><strong>ὁ</strong></span> <span class='ocrx_word' id='word_1_199' title='bbox 2008 2424 2122 2512; x_wconf 82' lang='grc' dir='ltr'><strong><em>τάφος.)</em></strong></span> <span class='ocrx_word' id='word_1_200' title='bbox 2145 2422 2177 2493; x_wconf 85' lang='grc' dir='ltr'><strong><em>ού</em></strong></span> <span class='ocrx_word' id='word_1_201' title='bbox 2201 2428 2234 2493; x_wconf 90' lang='grc' dir='ltr'><strong><em>τό</em></strong></span> 
     </span>
     <span class='ocr_line' id='line_1_15' title="bbox 592 2552 2234 2638; baseline -0.001 -18"><span class='ocrx_word' id='word_1_202' title='bbox 592 2558 728 2636; x_wconf 77' lang='grc' dir='ltr'><strong><em>λείψανον</em></strong></span> <span class='ocrx_word' id='word_1_203' title='bbox 742 2553 942 2626; x_wconf 78' lang='grc' dir='ltr'><strong><em>Κωνστάντιος</em></strong></span> <span class='ocrx_word' id='word_1_204' title='bbox 962 2553 1020 2626; x_wconf 78' lang='grc' dir='ltr'><strong><em>υίὸς</em></strong></span> <span class='ocrx_word' id='word_1_205' title='bbox 1033 2554 1251 2618; x_wconf 85' lang='grc' dir='ltr'><strong><em>Κωνσταντίνου</em></strong></span> <span class='ocrx_word' id='word_1_206' title='bbox 1270 2552 1444 2636; x_wconf 81' lang='grc' dir='ltr'><strong><em>ἀνακομίσας</em></strong></span> <span class='ocrx_word' id='word_1_207' title='bbox 1462 2552 1799 2620; x_wconf 80' lang='grc' dir='ltr'><strong><em>ε’νΚωνσταυτιτωιπόλει</em></strong></span> <span class='ocrx_word' id='word_1_208' title='bbox 1816 2555 1971 2638; x_wconf 75' lang='grc' dir='ltr'><strong><em>κατέθηκεν</em></strong></span> <span class='ocrx_word' id='word_1_209' title='bbox 1990 2557 2019 2620; x_wconf 78' lang='grc' dir='ltr'><strong><em>ἐν</em></strong></span> <span class='ocrx_word' id='word_1_210' title='bbox 2036 2561 2077 2636; x_wconf 71' lang='grc' dir='ltr'><strong><em>τῷ</em></strong></span> <span class='ocrx_word' id='word_1_211' title='bbox 2098 2558 2159 2635; x_wconf 79' lang='grc' dir='ltr'><strong><em>ναῷ</em></strong></span> <span class='ocrx_word' id='word_1_212' title='bbox 2177 2558 2234 2619; x_wconf 83' lang='grc' dir='ltr'><strong><em>τών</em></strong></span> 
     </span>
     <span class='ocr_line' id='line_1_16' title="bbox 594 2676 2234 2766; baseline -0.002 -18"><span class='ocrx_word' id='word_1_213' title='bbox 594 2681 772 2754; x_wconf 73' lang='grc' dir='ltr'><strong><em>ἀποστόλου,</em></strong></span> <span class='ocrx_word' id='word_1_214' title='bbox 794 2677 896 2762; x_wconf 75' lang='grc' dir='ltr'><strong><em>όνπερ</em></strong></span> <span class='ocrx_word' id='word_1_215' title='bbox 913 2679 1086 2761; x_wconf 66' lang='grc' dir='ltr'><strong><em>οἰκοδόμησεν</em></strong></span> <span class='ocrx_word' id='word_1_216' title='bbox 1105 2678 1121 2744; x_wconf 88' lang='grc' dir='ltr'><strong>ὁ</strong></span> <span class='ocrx_word' id='word_1_217' title='bbox 1139 2679 1232 2764; x_wconf 83' lang='grc' dir='ltr'><strong><em>πατήρ</em></strong></span> <span class='ocrx_word' id='word_1_218' title='bbox 1250 2679 1336 2745; x_wconf 76' lang='grc' dir='ltr'><strong><em>αὐτοῦ</em></strong></span> <span class='ocrx_word' id='word_1_219' title='bbox 1353 2681 1438 2764; x_wconf 82' lang='grc' dir='ltr'><strong><em>μέγας</em></strong></span> <span class='ocrx_word' id='word_1_220' title='bbox 1456 2683 1672 2755; x_wconf 84' lang='grc' dir='ltr'><strong><em>Κωνσταντίνος</em></strong></span> <span class='ocrx_word' id='word_1_221' title='bbox 1691 2676 1768 2765; x_wconf 75' lang='lat' dir='ltr'>(hoc</span> <span class='ocrx_word' id='word_1_222' title='bbox 1786 2679 1946 2766; x_wconf 81' lang='lat' dir='ltr'>accentu).</span> <span class='ocrx_word' id='word_1_223' title='bbox 1981 2681 2134 2747; x_wconf 84' lang='lat' dir='ltr'><strong>Incidunt</strong></span> <span class='ocrx_word' id='word_1_224' title='bbox 2152 2679 2234 2745; x_wconf 81' lang='lat' dir='ltr'>hacc</span> 
     </span>
     <span class='ocr_line' id='line_1_17' title="bbox 594 2802 2233 2893; baseline -0.001 -20"><span class='ocrx_word' id='word_1_225' title='bbox 594 2817 740 2874; x_wconf 83' lang='lat' dir='ltr'>extrema</span> <span class='ocrx_word' id='word_1_226' title='bbox 761 2808 794 2870; x_wconf 88' lang='lat' dir='ltr'><strong><em>in</em></strong></span> <span class='ocrx_word' id='word_1_227' title='bbox 818 2803 868 2870; x_wconf 87' lang='lat' dir='ltr'><strong><em>ed.</em></strong></span> <span class='ocrx_word' id='word_1_228' title='bbox 890 2802 1031 2870; x_wconf 82' lang='lat' dir='ltr'>Cedrcni</span> <span class='ocrx_word' id='word_1_229' title='bbox 1049 2803 1153 2869; x_wconf 82' lang='lat' dir='ltr'>Paris.</span> <span class='ocrx_word' id='word_1_230' title='bbox 1177 2828 1252 2892; x_wconf 83' lang='lat' dir='ltr'><strong>pag.</strong></span> <span class='ocrx_word' id='word_1_231' title='bbox 1272 2806 1350 2890; x_wconf 76' lang='lat'><strong><em>2123</em></strong></span> <span class='ocrx_word' id='word_1_232' title='bbox 1370 2807 1404 2871; x_wconf 88' lang='lat' dir='ltr'><strong><em>in</em></strong></span> <span class='ocrx_word' id='word_1_233' title='bbox 1424 2806 1574 2872; x_wconf 80' lang='lat' dir='ltr'>editionis</span> <span class='ocrx_word' id='word_1_234' title='bbox 1589 2806 1774 2873; x_wconf 82' lang='lat' dir='ltr'>Bonnensis</span> <span class='ocrx_word' id='word_1_235' title='bbox 1789 2829 1863 2893; x_wconf 80' lang='lat' dir='ltr'>pag.</span> <span class='ocrx_word' id='word_1_236' title='bbox 1879 2808 1951 2873; x_wconf 91' lang='grc'><strong>373.</strong></span> <span class='ocrx_word' id='word_1_237' title='bbox 1996 2807 2090 2888; x_wconf 77' lang='lat' dir='ltr'><strong>Quae</strong></span> <span class='ocrx_word' id='word_1_238' title='bbox 2104 2831 2184 2873; x_wconf 84' lang='lat' dir='ltr'>vero</span> <span class='ocrx_word' id='word_1_239' title='bbox 2199 2808 2233 2872; x_wconf 91' lang='lat' dir='ltr'><strong><em>in</em></strong></span> 
     </span>
     <span class='ocr_line' id='line_1_18' title="bbox 594 2931 2232 3022; baseline 0 -22"><span class='ocrx_word' id='word_1_240' title='bbox 594 2935 707 3002; x_wconf 84' lang='lat' dir='ltr'>codice</span> <span class='ocrx_word' id='word_1_241' title='bbox 735 2933 778 2998; x_wconf 86' lang='lat' dir='ltr'><strong><em>de</em></strong></span> <span class='ocrx_word' id='word_1_242' title='bbox 800 2931 943 2998; x_wconf 80' lang='lat' dir='ltr'>Iacobo</span> <span class='ocrx_word' id='word_1_243' title='bbox 965 2933 1068 2997; x_wconf 82' lang='lat' dir='ltr'>iusto</span> <span class='ocrx_word' id='word_1_244' title='bbox 1091 2941 1283 3019; x_wconf 78' lang='lat' dir='ltr'>sequuntur,</span> <span class='ocrx_word' id='word_1_245' title='bbox 1299 2956 1338 2998; x_wconf 83' lang='lat' dir='ltr'><strong><em>cc</em></strong></span> <span class='ocrx_word' id='word_1_246' title='bbox 1354 2931 1523 3000; x_wconf 80' lang='lat' dir='ltr'>Ocdrcnus</span> <span class='ocrx_word' id='word_1_247' title='bbox 1538 2933 1648 3020; x_wconf 83' lang='lat' dir='ltr'>paullo</span> <span class='ocrx_word' id='word_1_248' title='bbox 1664 2943 1738 3000; x_wconf 85' lang='lat' dir='ltr'><strong>ante</strong></span> <span class='ocrx_word' id='word_1_249' title='bbox 1753 2931 1808 3020; x_wconf 83' lang='lat' dir='ltr'>(cf.</span> <span class='ocrx_word' id='word_1_250' title='bbox 1826 2934 1875 3000; x_wconf 84' lang='lat' dir='ltr'><strong><em>ed.</em></strong></span> <span class='ocrx_word' id='word_1_251' title='bbox 1890 2933 1995 3000; x_wconf 78' lang='lat' dir='ltr'>Paris.</span> <span class='ocrx_word' id='word_1_252' title='bbox 2010 2957 2086 3022; x_wconf 82' lang='lat' dir='ltr'>pag.</span> <span class='ocrx_word' id='word_1_253' title='bbox 2102 2934 2173 3000; x_wconf 83' lang='lat'><strong>205.</strong></span> <span class='ocrx_word' id='word_1_254' title='bbox 2189 2933 2232 3016; x_wconf 67' lang='grc' dir='ltr'><strong><em>(λς</em></strong></span> 
     </span>
     <span class='ocr_line' id='line_1_19' title="bbox 593 3059 2232 3150; baseline 0 -22"><span class='ocrx_word' id='word_1_255' title='bbox 593 3062 642 3128; x_wconf 84' lang='lat' dir='ltr'><strong><em>ed.</em></strong></span> <span class='ocrx_word' id='word_1_256' title='bbox 659 3061 762 3126; x_wconf 87' lang='lat' dir='ltr'><strong>Bonn.</strong></span> <span class='ocrx_word' id='word_1_257' title='bbox 777 3082 852 3146; x_wconf 81' lang='lat' dir='ltr'>pag.</span> <span class='ocrx_word' id='word_1_258' title='bbox 868 3059 955 3144; x_wconf 88' lang='grc'><strong>360.)</strong></span> <span class='ocrx_word' id='word_1_259' title='bbox 975 3061 1007 3124; x_wconf 90' lang='lat' dir='ltr'><strong><em>in</em></strong></span> <span class='ocrx_word' id='word_1_260' title='bbox 1025 3081 1094 3124; x_wconf 82' lang='lat' dir='ltr'><strong><em>rem</em></strong></span> <span class='ocrx_word' id='word_1_261' title='bbox 1115 3082 1207 3126; x_wconf 80' lang='lat' dir='ltr'><strong>suam</strong></span> <span class='ocrx_word' id='word_1_262' title='bbox 1226 3062 1398 3144; x_wconf 83' lang='lat' dir='ltr'>convertit,</span> <span class='ocrx_word' id='word_1_263' title='bbox 1422 3062 1583 3147; x_wconf 82' lang='lat' dir='ltr'>scriptura</span> <span class='ocrx_word' id='word_1_264' title='bbox 1603 3083 1700 3147; x_wconf 81' lang='lat' dir='ltr'>saepe</span> <span class='ocrx_word' id='word_1_265' title='bbox 1719 3070 1855 3145; x_wconf 80' lang='lat' dir='ltr'><strong>mutata,</strong></span> <span class='ocrx_word' id='word_1_266' title='bbox 1873 3061 2086 3150; x_wconf 81' lang='lat' dir='ltr'>omnibusque</span> <span class='ocrx_word' id='word_1_267' title='bbox 2102 3063 2232 3128; x_wconf 79' lang='lat' dir='ltr'>omissis</span> 
     </span>
     <span class='ocr_line' id='line_1_20' title="bbox 594 3184 2145 3276; baseline 0.002 -22"><span class='ocrx_word' id='word_1_268' title='bbox 594 3212 675 3276; x_wconf 81' lang='lat' dir='ltr'>quac</span> <span class='ocrx_word' id='word_1_269' title='bbox 692 3211 732 3253; x_wconf 85' lang='lat' dir='ltr'><strong><em>cx</em></strong></span> <span class='ocrx_word' id='word_1_270' title='bbox 747 3186 820 3252; x_wconf 92' lang='lat' dir='ltr'>Iobi</span> <span class='ocrx_word' id='word_1_271' title='bbox 833 3185 917 3251; x_wconf 89' lang='lat' dir='ltr'>libro</span> <span class='ocrx_word' id='word_1_272' title='bbox 933 3184 1069 3272; x_wconf 78' lang='lat' dir='ltr'>aliisque</span> <span class='ocrx_word' id='word_1_273' title='bbox 1083 3186 1269 3252; x_wconf 83' lang='lat' dir='ltr'>afferuntur.</span> <span class='ocrx_word' id='word_1_274' title='bbox 1308 3186 1437 3275; x_wconf 82' lang='lat' dir='ltr'>Scripta</span> <span class='ocrx_word' id='word_1_275' title='bbox 1451 3209 1529 3252; x_wconf 83' lang='lat' dir='ltr'>vero</span> <span class='ocrx_word' id='word_1_276' title='bbox 1546 3189 1667 3253; x_wconf 80' lang='lat' dir='ltr'>suntin</span> <span class='ocrx_word' id='word_1_277' title='bbox 1683 3189 1835 3256; x_wconf 88' lang='lat' dir='ltr'>chronico</span> <span class='ocrx_word' id='word_1_278' title='bbox 1851 3190 1937 3256; x_wconf 90' lang='lat' dir='ltr'>hunc</span> <span class='ocrx_word' id='word_1_279' title='bbox 1952 3191 1986 3256; x_wconf 89' lang='lat' dir='ltr'><strong><em>in</em></strong></span> <span class='ocrx_word' id='word_1_280' title='bbox 2000 3189 2145 3257; x_wconf 89' lang='lat' dir='ltr'><strong>modum:</strong></span> 
     </span>
    </p>

    <p class='ocr_par' dir='ltr' id='par_1_5' title="bbox 589 3309 2234 5438">
     <span class='ocr_line' id='line_1_21' title="bbox 696 3309 2233 3404; baseline 0.003 -23"><span class='ocrx_word' id='word_1_281' title='bbox 696 3315 730 3382; x_wconf 75' lang='grc' dir='ltr'><em>Ὀ</em></span> <span class='ocrx_word' id='word_1_282' title='bbox 744 3317 777 3380; x_wconf 85' lang='grc' dir='ltr'><strong><em>δέ</em></strong></span> <span class='ocrx_word' id='word_1_283' title='bbox 787 3341 816 3398; x_wconf 90' lang='grc' dir='ltr'><strong><em>γε</em></strong></span> <span class='ocrx_word' id='word_1_284' title='bbox 832 3309 938 3400; x_wconf 89' lang='grc'><strong>(1706.</strong></span> <span class='ocrx_word' id='word_1_285' title='bbox 953 3316 1052 3400; x_wconf 91' lang='grc' dir='ltr'><strong><em>μέγας)</em></strong></span> <span class='ocrx_word' id='word_1_286' title='bbox 1066 3315 1197 3400; x_wconf 82' lang='grc' dir='ltr'><strong><em>Ἰάκωβος</em></strong></span> <span class='ocrx_word' id='word_1_287' title='bbox 1212 3314 1297 3400; x_wconf 89' lang='grc' dir='ltr'><strong><em>ἀγνός</em></strong></span> <span class='ocrx_word' id='word_1_288' title='bbox 1308 3315 1442 3400; x_wconf 79' lang='grc' dir='ltr'><strong><em>ὑπάρχων</em></strong></span> <span class='ocrx_word' id='word_1_289' title='bbox 1456 3316 1486 3380; x_wconf 86' lang='grc' dir='ltr'><strong><em>ίκ</em></strong></span> <span class='ocrx_word' id='word_1_290' title='bbox 1499 3317 1603 3390; x_wconf 80' lang='grc' dir='ltr'><strong><em>κοάίας</em></strong></span> <span class='ocrx_word' id='word_1_291' title='bbox 1616 3315 1718 3401; x_wconf 85' lang='grc' dir='ltr'><strong><em>μητρός</em></strong></span> <span class='ocrx_word' id='word_1_292' title='bbox 1732 3318 1831 3393; x_wconf 80' lang='grc' dir='ltr'><strong><em>αύιοό,</em></strong></span> <span class='ocrx_word' id='word_1_293' title='bbox 1853 3320 1926 3385; x_wconf 82' lang='grc' dir='ltr'><strong><em>οἶτον</em></strong></span> <span class='ocrx_word' id='word_1_294' title='bbox 1939 3317 1989 3402; x_wconf 76' lang='grc' dir='ltr'><strong><em>μὲν</em></strong></span> <span class='ocrx_word' id='word_1_295' title='bbox 2003 3318 2051 3385; x_wconf 77' lang='grc' dir='ltr'><strong><em>καί</em></strong></span> <span class='ocrx_word' id='word_1_296' title='bbox 2068 3321 2165 3404; x_wconf 91' lang='grc' dir='ltr'><strong><em>σίκερα</em></strong></span> <span class='ocrx_word' id='word_1_297' title='bbox 2183 3323 2233 3388; x_wconf 87' lang='grc' dir='ltr'><strong><em>ούκ</em></strong></span> 
     </span>
     <span class='ocr_line' id='line_1_22' title="bbox 593 3439 2233 3532; baseline 0.002 -22"><span class='ocrx_word' id='word_1_298' title='bbox 593 3446 666 3510; x_wconf 82' lang='grc' dir='ltr'><strong><em>ἔπιεν</em></strong></span> <span class='ocrx_word' id='word_1_299' title='bbox 688 3441 751 3510; x_wconf 75' lang='grc' dir='ltr'><strong><em>οὐδὲ</em></strong></span> <span class='ocrx_word' id='word_1_300' title='bbox 772 3444 896 3527; x_wconf 82' lang='grc' dir='ltr'><strong><em>ἔμψυχον</em></strong></span> <span class='ocrx_word' id='word_1_301' title='bbox 917 3442 1030 3526; x_wconf 82' lang='grc' dir='ltr'><strong><em>ἔφαγεν,</em></strong></span> <span class='ocrx_word' id='word_1_302' title='bbox 1052 3439 1114 3508; x_wconf 76' lang='grc' dir='ltr'><strong><em>οὐδὲ</em></strong></span> <span class='ocrx_word' id='word_1_303' title='bbox 1134 3445 1272 3527; x_wconf 77' lang='grc' dir='ltr'><strong><em>βαλανείῳ</em></strong></span> <span class='ocrx_word' id='word_1_304' title='bbox 1293 3443 1443 3528; x_wconf 79' lang='grc' dir='ltr'><strong><em>ἐχρήσατο·</em></strong></span> <span class='ocrx_word' id='word_1_305' title='bbox 1465 3443 1503 3508; x_wconf 91' lang='grc' dir='ltr'><strong><em>τά</em></strong></span> <span class='ocrx_word' id='word_1_306' title='bbox 1525 3442 1555 3508; x_wconf 79' lang='grc' dir='ltr'><strong><em>δὲ</em></strong></span> <span class='ocrx_word' id='word_1_307' title='bbox 1576 3444 1683 3527; x_wconf 87' lang='grc' dir='ltr'><strong><em>γόνατα</em></strong></span> <span class='ocrx_word' id='word_1_308' title='bbox 1702 3446 1787 3511; x_wconf 81' lang='grc' dir='ltr'><strong><em>αι’πού</em></strong></span> <span class='ocrx_word' id='word_1_309' title='bbox 1806 3445 1999 3530; x_wconf 80' lang='grc' dir='ltr'><strong><em>ἀπτσκληκόια</em></strong></span> <span class='ocrx_word' id='word_1_310' title='bbox 2017 3449 2093 3529; x_wconf 76' lang='grc' dir='ltr'><strong><em>δύιην</em></strong></span> <span class='ocrx_word' id='word_1_311' title='bbox 2111 3449 2233 3532; x_wconf 79' lang='grc' dir='ltr'><strong><em>καμήλου</em></strong></span> 
     </span>
     <span class='ocr_line' id='line_1_23' title="bbox 592 3566 2233 3658; baseline 0.001 -19"><span class='ocrx_word' id='word_1_312' title='bbox 592 3571 734 3656; x_wconf 87' lang='grc' dir='ltr'><strong><em>γεγόνασιν</em></strong></span> <span class='ocrx_word' id='word_1_313' title='bbox 749 3571 779 3634; x_wconf 84' lang='grc' dir='ltr'><strong><em>ίκ</em></strong></span> <span class='ocrx_word' id='word_1_314' title='bbox 794 3575 843 3635; x_wconf 83' lang='grc' dir='ltr'><strong><em>τού</em></strong></span> <span class='ocrx_word' id='word_1_315' title='bbox 858 3566 901 3636; x_wconf 76' lang='grc' dir='ltr'><strong><em>ἀεὶ</em></strong></span> <span class='ocrx_word' id='word_1_316' title='bbox 915 3569 1048 3652; x_wconf 88' lang='grc' dir='ltr'><strong><em>κάμπτειν</em></strong></span> <span class='ocrx_word' id='word_1_317' title='bbox 1066 3567 1111 3634; x_wconf 81' lang='grc' dir='ltr'><strong><em>ίπλ</em></strong></span> <span class='ocrx_word' id='word_1_318' title='bbox 1128 3570 1193 3653; x_wconf 89' lang='grc' dir='ltr'><strong><em>γόνυ</em></strong></span> <span class='ocrx_word' id='word_1_319' title='bbox 1211 3567 1258 3635; x_wconf 83' lang='grc' dir='ltr'><strong><em>καλ</em></strong></span> <span class='ocrx_word' id='word_1_320' title='bbox 1277 3575 1317 3651; x_wconf 76' lang='grc' dir='ltr'><strong><em>τῷ</em></strong></span> <span class='ocrx_word' id='word_1_321' title='bbox 1335 3575 1398 3650; x_wconf 78' lang='grc' dir='ltr'><strong><em>θεῷ</em></strong></span> <span class='ocrx_word' id='word_1_322' title='bbox 1415 3580 1583 3654; x_wconf 85' lang='grc' dir='ltr'><strong><em>προσκυνεῖν.</em></strong></span> <span class='ocrx_word' id='word_1_323' title='bbox 1604 3567 1675 3638; x_wconf 79' lang='grc' dir='ltr'><strong><em>ὅθεν</em></strong></span> <span class='ocrx_word' id='word_1_324' title='bbox 1693 3571 1740 3636; x_wconf 86' lang='grc' dir='ltr'><strong><em>διά</em></strong></span> <span class='ocrx_word' id='word_1_325' title='bbox 1758 3569 1808 3655; x_wconf 81' lang='grc' dir='ltr'><strong><em>τήν</em></strong></span> <span class='ocrx_word' id='word_1_326' title='bbox 1825 3571 1978 3657; x_wconf 79' lang='grc' dir='ltr'><strong><em>ὑπερβολήν</em></strong></span> <span class='ocrx_word' id='word_1_327' title='bbox 1996 3578 2045 3657; x_wconf 77' lang='grc' dir='ltr'><strong><em>τῆς</em></strong></span> <span class='ocrx_word' id='word_1_328' title='bbox 2063 3575 2233 3658; x_wconf 83' lang='grc' dir='ltr'><strong><em>δοιαιοσύυης</em></strong></span> 
     </span>
     <span class='ocr_line' id='line_1_24' title="bbox 594 3693 2233 3786; baseline 0.003 -23"><span class='ocrx_word' id='word_1_329' title='bbox 594 3699 679 3763; x_wconf 84' lang='grc' dir='ltr'><strong><em>αύτού</em></strong></span> <span class='ocrx_word' id='word_1_330' title='bbox 692 3695 740 3762; x_wconf 79' lang='grc' dir='ltr'><strong><em>καὶ</em></strong></span> <span class='ocrx_word' id='word_1_331' title='bbox 753 3701 923 3780; x_wconf 77' lang='grc' dir='ltr'><strong><em>θαυμαστῆς</em></strong></span> <span class='ocrx_word' id='word_1_332' title='bbox 937 3697 1077 3770; x_wconf 74' lang='grc' dir='ltr'><strong><em>πολιτείας</em></strong></span> <span class='ocrx_word' id='word_1_333' title='bbox 1092 3697 1214 3762; x_wconf 73' lang='grc' dir='ltr'><strong><em>ἐκαλεῖτο</em></strong></span> <span class='ocrx_word' id='word_1_334' title='bbox 1228 3699 1332 3771; x_wconf 72' lang='grc' dir='ltr'><strong><em>δεύτατος</em></strong></span> <span class='ocrx_word' id='word_1_335' title='bbox 1346 3695 1393 3762; x_wconf 80' lang='grc' dir='ltr'><strong><em>καὶ</em></strong></span> <span class='ocrx_word' id='word_1_336' title='bbox 1407 3697 1503 3782; x_wconf 79' lang='grc' dir='ltr'><strong><em>ὀβλίας</em></strong></span> <span class='ocrx_word' id='word_1_337' title='bbox 1518 3693 1578 3782; x_wconf 75' lang='lat' dir='ltr'><strong><em>(ita</em></strong></span> <span class='ocrx_word' id='word_1_338' title='bbox 1593 3695 1708 3780; x_wconf 69' lang='lat' dir='ltr'>coici,</span> <span class='ocrx_word' id='word_1_339' title='bbox 1727 3698 1785 3782; x_wconf 79' lang='grc' dir='ltr'><strong><em>ὀβλ.</em></strong></span> <span class='ocrx_word' id='word_1_340' title='bbox 1803 3695 1923 3786; x_wconf 88' lang='grc'><strong>1706),</strong></span> <span class='ocrx_word' id='word_1_341' title='bbox 1942 3697 1959 3766; x_wconf 87' lang='grc' dir='ltr'>ὅ</span> <span class='ocrx_word' id='word_1_342' title='bbox 1978 3702 2036 3766; x_wconf 90' lang='grc' dir='ltr'><strong><em>ε’στι</em></strong></span> <span class='ocrx_word' id='word_1_343' title='bbox 2053 3700 2165 3785; x_wconf 82' lang='grc' dir='ltr'><strong><em>περιοχή</em></strong></span> <span class='ocrx_word' id='word_1_344' title='bbox 2184 3707 2233 3768; x_wconf 80' lang='grc' dir='ltr'><strong><em>τοῦ</em></strong></span> 
     </span>
     <span class='ocr_line' id='line_1_25' title="bbox 592 3817 2234 3912; baseline 0.002 -22"><span class='ocrx_word' id='word_1_345' title='bbox 592 3829 662 3891; x_wconf 83' lang='grc' dir='ltr'><strong><em>λαοῦ</em></strong></span> <span class='ocrx_word' id='word_1_346' title='bbox 675 3821 723 3889; x_wconf 80' lang='grc' dir='ltr'><strong><em>καὶ</em></strong></span> <span class='ocrx_word' id='word_1_347' title='bbox 736 3823 899 3906; x_wconf 75' lang='grc' dir='ltr'><strong><em>δικαιοσύνη.</em></strong></span> <span class='ocrx_word' id='word_1_348' title='bbox 914 3819 946 3896; x_wconf 84' lang='grc' dir='ltr'><strong><em>ὀς</em></strong></span> <span class='ocrx_word' id='word_1_349' title='bbox 961 3817 1016 3906; x_wconf 84' lang='lat' dir='ltr'><strong><em>(ab</em></strong></span> <span class='ocrx_word' id='word_1_350' title='bbox 1032 3823 1093 3888; x_wconf 86' lang='lat' dir='ltr'><strong><em>hac</em></strong></span> <span class='ocrx_word' id='word_1_351' title='bbox 1108 3821 1184 3888; x_wconf 82' lang='lat' dir='ltr'>inde</span> <span class='ocrx_word' id='word_1_352' title='bbox 1199 3845 1280 3888; x_wconf 83' lang='lat' dir='ltr'>voce</span> <span class='ocrx_word' id='word_1_353' title='bbox 1296 3822 1368 3888; x_wconf 89' lang='lat' dir='ltr'>cod.</span> <span class='ocrx_word' id='word_1_354' title='bbox 1379 3823 1470 3888; x_wconf 94' lang='grc'><strong>1706.</strong></span> <span class='ocrx_word' id='word_1_355' title='bbox 1481 3825 1590 3888; x_wconf 81' lang='lat' dir='ltr'>omnia</span> <span class='ocrx_word' id='word_1_356' title='bbox 1605 3823 1723 3888; x_wconf 82' lang='lat' dir='ltr'>omittit</span> <span class='ocrx_word' id='word_1_357' title='bbox 1736 3846 1839 3911; x_wconf 83' lang='lat' dir='ltr'>usque</span> <span class='ocrx_word' id='word_1_358' title='bbox 1854 3825 1956 3891; x_wconf 82' lang='lat' dir='ltr'>verba</span> <span class='ocrx_word' id='word_1_359' title='bbox 1967 3827 2025 3893; x_wconf 77' lang='grc' dir='ltr'><strong><em>ἐπεὶ</em></strong></span> <span class='ocrx_word' id='word_1_360' title='bbox 2035 3822 2083 3893; x_wconf 85' lang='grc' dir='ltr'><strong><em>οόι</em></strong></span> <span class='ocrx_word' id='word_1_361' title='bbox 2096 3829 2234 3912; x_wconf 75' lang='grc' dir='ltr'><strong><em>αἰδισμος</em></strong></span> 
     </span>
     <span class='ocr_line' id='line_1_26' title="bbox 592 3948 2230 4039; baseline 0.002 -22"><span class='ocrx_word' id='word_1_362' title='bbox 592 3951 641 4018; x_wconf 80' lang='grc' dir='ltr'><strong><em>καί</em></strong></span> <span class='ocrx_word' id='word_1_363' title='bbox 654 3948 815 4038; x_wconf 89' lang='grc' dir='ltr'><strong><em>σεβάσμιος)</em></strong></span> <span class='ocrx_word' id='word_1_364' title='bbox 836 3978 866 4035; x_wconf 92' lang='grc' dir='ltr'><strong><em>γε</em></strong></span> <span class='ocrx_word' id='word_1_365' title='bbox 883 3951 1010 4035; x_wconf 86' lang='grc' dir='ltr'><strong><em>μεγάλων</em></strong></span> <span class='ocrx_word' id='word_1_366' title='bbox 1029 3948 1076 4016; x_wconf 74' lang='grc' dir='ltr'><strong><em>καί</em></strong></span> <span class='ocrx_word' id='word_1_367' title='bbox 1094 3953 1184 4016; x_wconf 83' lang='grc' dir='ltr'><strong><em>θείων</em></strong></span> <span class='ocrx_word' id='word_1_368' title='bbox 1202 3950 1328 4034; x_wconf 87' lang='grc' dir='ltr'><strong><em>ὀράσεων</em></strong></span> <span class='ocrx_word' id='word_1_369' title='bbox 1346 3951 1505 4034; x_wconf 84' lang='grc' dir='ltr'><strong><em>ἀξιούμενος</em></strong></span> <span class='ocrx_word' id='word_1_370' title='bbox 1518 3951 1639 4034; x_wconf 79' lang='grc' dir='ltr'><strong><em>ἑώρακέν</em></strong></span> <span class='ocrx_word' id='word_1_371' title='bbox 1654 3976 1722 4018; x_wconf 88' lang='grc' dir='ltr'><strong><em>ποτε</em></strong></span> <span class='ocrx_word' id='word_1_372' title='bbox 1735 3957 1889 4036; x_wconf 76' lang='grc' dir='ltr'><strong><em>προφανῶς</em></strong></span> <span class='ocrx_word' id='word_1_373' title='bbox 1902 3953 1951 4020; x_wconf 89' lang='grc' dir='ltr'><strong><em>τόν</em></strong></span> <span class='ocrx_word' id='word_1_374' title='bbox 1965 3955 2093 4039; x_wconf 86' lang='grc' dir='ltr'><strong><em>διάβολον</em></strong></span> <span class='ocrx_word' id='word_1_375' title='bbox 2106 3955 2156 4039; x_wconf 84' lang='grc' dir='ltr'><strong><em>τήν</em></strong></span> <span class='ocrx_word' id='word_1_376' title='bbox 2170 3956 2230 4022; x_wconf 86' lang='grc' dir='ltr'><strong><em>κατ’</em></strong></span> 
     </span>
     <span class='ocr_line' id='line_1_27' title="bbox 593 4073 2233 4166; baseline 0.004 -22"><span class='ocrx_word' id='word_1_377' title='bbox 593 4081 678 4146; x_wconf 80' lang='grc' dir='ltr'><strong><em>αύτού</em></strong></span> <span class='ocrx_word' id='word_1_378' title='bbox 692 4080 868 4163; x_wconf 70' lang='grc' dir='ltr'><strong><em>γενησομελην</em></strong></span> <span class='ocrx_word' id='word_1_379' title='bbox 881 4080 984 4161; x_wconf 90' lang='grc' dir='ltr'><strong><em>μανιάν</em></strong></span> <span class='ocrx_word' id='word_1_380' title='bbox 998 4075 1046 4142; x_wconf 78' lang='grc' dir='ltr'><strong><em>καί</em></strong></span> <span class='ocrx_word' id='word_1_381' title='bbox 1059 4080 1220 4161; x_wconf 79' lang='grc' dir='ltr'><strong><em>ηααιφονίαν</em></strong></span> <span class='ocrx_word' id='word_1_382' title='bbox 1233 4081 1289 4142; x_wconf 80' lang='grc' dir='ltr'><strong><em>τῶν</em></strong></span> <span class='ocrx_word' id='word_1_383' title='bbox 1300 4077 1443 4144; x_wconf 81' lang='grc' dir='ltr'><strong><em>Ἰουδαίων</em></strong></span> <span class='ocrx_word' id='word_1_384' title='bbox 1457 4078 1625 4144; x_wconf 76' lang='grc' dir='ltr'><strong><em>ἀπειλοῦντα</em></strong></span> <span class='ocrx_word' id='word_1_385' title='bbox 1640 4073 1726 4162; x_wconf 86' lang='lat' dir='ltr'>(cod.</span> <span class='ocrx_word' id='word_1_386' title='bbox 1735 4076 1815 4166; x_wconf 76' lang='grc' dir='ltr'><strong><em>λῶν)</em></strong></span> <span class='ocrx_word' id='word_1_387' title='bbox 1832 4080 1861 4145; x_wconf 77' lang='grc' dir='ltr'><strong><em>ἐν</em></strong></span> <span class='ocrx_word' id='word_1_388' title='bbox 1872 4080 1984 4161; x_wconf 79' lang='grc' dir='ltr'><strong><em>ίξαισάη</em></strong></span> <span class='ocrx_word' id='word_1_389' title='bbox 1994 4079 2041 4146; x_wconf 78' lang='grc' dir='ltr'><strong><em>καί</em></strong></span> <span class='ocrx_word' id='word_1_390' title='bbox 2052 4084 2233 4166; x_wconf 84' lang='grc' dir='ltr'><strong><em>φοβιροτάτφ</em></strong></span> 
     </span>
     <span class='ocr_line' id='line_1_28' title="bbox 591 4199 2230 4292; baseline 0.003 -22"><span class='ocrx_word' id='word_1_391' title='bbox 591 4206 720 4290; x_wconf 85' lang='grc' dir='ltr'><strong><em>σχήματι,</em></strong></span> <span class='ocrx_word' id='word_1_392' title='bbox 736 4203 799 4286; x_wconf 78' lang='grc' dir='ltr'><strong><em>περὶ</em></strong></span> <span class='ocrx_word' id='word_1_393' title='bbox 812 4199 844 4270; x_wconf 83' lang='grc' dir='ltr'><strong><em>ού</em></strong></span> <span class='ocrx_word' id='word_1_394' title='bbox 858 4201 941 4287; x_wconf 79' lang='grc' dir='ltr'><strong><em>φησίν</em></strong></span> <span class='ocrx_word' id='word_1_395' title='bbox 955 4204 1026 4288; x_wconf 84' lang='grc' dir='ltr'><strong><em>πρὸς</em></strong></span> <span class='ocrx_word' id='word_1_396' title='bbox 1039 4204 1088 4270; x_wconf 89' lang='grc' dir='ltr'><strong><em>τὸν</em></strong></span> <span class='ocrx_word' id='word_1_397' title='bbox 1101 4204 1164 4290; x_wconf 83' lang='grc' dir='ltr'><strong><em>Ἰώβ</em></strong></span> <span class='ocrx_word' id='word_1_398' title='bbox 1171 4201 1196 4290; x_wconf 84' lang='grc'><strong><em>1)</em></strong></span> <span class='ocrx_word' id='word_1_399' title='bbox 1213 4204 1228 4271; x_wconf 88' lang='grc' dir='ltr'><strong>ὁ</strong></span> <span class='ocrx_word' id='word_1_400' title='bbox 1243 4205 1313 4278; x_wconf 87' lang='grc' dir='ltr'><strong><em>θεός</em></strong></span> <span class='ocrx_word' id='word_1_401' title='bbox 1332 4205 1420 4280; x_wconf 67' lang='grc' dir='ltr'><strong><em>,Ἰδοὺ</em></strong></span> <span class='ocrx_word' id='word_1_402' title='bbox 1434 4204 1467 4288; x_wconf 87' lang='grc' dir='ltr'><strong><em>δή</em></strong></span> <span class='ocrx_word' id='word_1_403' title='bbox 1481 4204 1498 4289; x_wconf 84' lang='grc' dir='ltr'><strong><em>ή</em></strong></span> <span class='ocrx_word' id='word_1_404' title='bbox 1513 4205 1590 4290; x_wconf 84' lang='grc' dir='ltr'><strong><em>ἰσχύς</em></strong></span> <span class='ocrx_word' id='word_1_405' title='bbox 1604 4206 1690 4272; x_wconf 81' lang='grc' dir='ltr'><strong><em>αύτού</em></strong></span> <span class='ocrx_word' id='word_1_406' title='bbox 1704 4206 1745 4272; x_wconf 77' lang='grc' dir='ltr'><strong><em>ἐπ’</em></strong></span> <span class='ocrx_word' id='word_1_407' title='bbox 1762 4207 1857 4290; x_wconf 81' lang='grc' dir='ltr'><strong><em>ὀσφύϊ·</em></strong></span> <span class='ocrx_word' id='word_1_408' title='bbox 1877 4205 1894 4290; x_wconf 84' lang='grc' dir='ltr'><strong><em>ἡ</em></strong></span> <span class='ocrx_word' id='word_1_409' title='bbox 1910 4204 1939 4272; x_wconf 79' lang='grc' dir='ltr'><strong><em>δὲ</em></strong></span> <span class='ocrx_word' id='word_1_410' title='bbox 1953 4208 2065 4292; x_wconf 84' lang='grc' dir='ltr'><strong><em>δύναμις</em></strong></span> <span class='ocrx_word' id='word_1_411' title='bbox 2084 4209 2169 4274; x_wconf 82' lang='grc' dir='ltr'><strong><em>αίτού</em></strong></span> <span class='ocrx_word' id='word_1_412' title='bbox 2189 4209 2230 4275; x_wconf 74' lang='grc' dir='ltr'><strong><em>ἐπ’</em></strong></span> 
     </span>
     <span class='ocr_line' id='line_1_29' title="bbox 591 4329 2232 4420; baseline 0.001 -22"><span class='ocrx_word' id='word_1_413' title='bbox 591 4333 719 4416; x_wconf 80' lang='grc' dir='ltr'><strong><em>ὀμφαλοῦ</em></strong></span> <span class='ocrx_word' id='word_1_414' title='bbox 732 4331 859 4414; x_wconf 87' lang='grc' dir='ltr'><strong><em>γαστρός.</em></strong></span> <span class='ocrx_word' id='word_1_415' title='bbox 875 4331 987 4413; x_wconf 82' lang='grc' dir='ltr'><strong><em>ἔστησεν</em></strong></span> <span class='ocrx_word' id='word_1_416' title='bbox 1001 4329 1086 4414; x_wconf 83' lang='grc' dir='ltr'><strong><em>ούράν</em></strong></span> <span class='ocrx_word' id='word_1_417' title='bbox 1100 4331 1140 4404; x_wconf 83' lang='grc' dir='ltr'><strong><em>ὠς</em></strong></span> <span class='ocrx_word' id='word_1_418' title='bbox 1154 4331 1338 4414; x_wconf 87' lang='grc' dir='ltr'><strong><em>κυπάρισσον,</em></strong></span> <span class='ocrx_word' id='word_1_419' title='bbox 1353 4331 1390 4397; x_wconf 83' lang='grc' dir='ltr'><strong><em>τά</em></strong></span> <span class='ocrx_word' id='word_1_420' title='bbox 1405 4329 1435 4396; x_wconf 80' lang='grc' dir='ltr'><strong><em>δὲ</em></strong></span> <span class='ocrx_word' id='word_1_421' title='bbox 1448 4337 1532 4416; x_wconf 83' lang='grc' dir='ltr'><strong><em>νεύρα</em></strong></span> <span class='ocrx_word' id='word_1_422' title='bbox 1546 4334 1762 4415; x_wconf 78' lang='grc' dir='ltr'><strong><em>σομπύιλωιται·</em></strong></span> <span class='ocrx_word' id='word_1_423' title='bbox 1785 4335 1815 4399; x_wconf 87' lang='grc' dir='ltr'><strong><em>αί</em></strong></span> <span class='ocrx_word' id='word_1_424' title='bbox 1828 4333 1943 4419; x_wconf 79' lang='grc' dir='ltr'><strong><em>πλευραὶ</em></strong></span> <span class='ocrx_word' id='word_1_425' title='bbox 1959 4335 2044 4401; x_wconf 83' lang='grc' dir='ltr'><strong><em>αύτού</em></strong></span> <span class='ocrx_word' id='word_1_426' title='bbox 2057 4335 2195 4419; x_wconf 75' lang='grc' dir='ltr'><strong><em>χάλκειαι,</em></strong></span> <span class='ocrx_word' id='word_1_427' title='bbox 2215 4336 2232 4420; x_wconf 88' lang='grc' dir='ltr'><strong><em>ή</em></strong></span> 
     </span>
     <span class='ocr_line' id='line_1_30' title="bbox 591 4456 2233 4545; baseline 0.002 -21"><span class='ocrx_word' id='word_1_428' title='bbox 591 4458 621 4524; x_wconf 78' lang='grc' dir='ltr'><strong><em>δὲ</em></strong></span> <span class='ocrx_word' id='word_1_429' title='bbox 635 4456 715 4542; x_wconf 78' lang='grc' dir='ltr'><strong><em>ῥαχίς</em></strong></span> <span class='ocrx_word' id='word_1_430' title='bbox 729 4457 815 4524; x_wconf 74' lang='grc' dir='ltr'><strong><em>αὐτοῦ</em></strong></span> <span class='ocrx_word' id='word_1_431' title='bbox 828 4456 1010 4541; x_wconf 87' lang='grc' dir='ltr'><strong><em>σιδηρόχυτος.</em></strong></span> <span class='ocrx_word' id='word_1_432' title='bbox 1032 4457 1114 4524; x_wconf 77' lang='grc' dir='ltr'><strong><em>τοῦτό</em></strong></span> <span class='ocrx_word' id='word_1_433' title='bbox 1133 4458 1205 4523; x_wconf 81' lang='grc' dir='ltr'><strong><em>ἐστιν</em></strong></span> <span class='ocrx_word' id='word_1_434' title='bbox 1225 4456 1295 4542; x_wconf 82' lang='grc' dir='ltr'><strong><em>ἀρχή</em></strong></span> <span class='ocrx_word' id='word_1_435' title='bbox 1313 4457 1479 4542; x_wconf 87' lang='grc' dir='ltr'><strong><em>πλάσματος</em></strong></span> <span class='ocrx_word' id='word_1_436' title='bbox 1497 4461 1601 4542; x_wconf 89' lang='grc' dir='ltr'><strong><em>κυρίου,</em></strong></span> <span class='ocrx_word' id='word_1_437' title='bbox 1623 4461 1804 4543; x_wconf 73' lang='grc' dir='ltr'><strong><em>πεποιημένον</em></strong></span> <span class='ocrx_word' id='word_1_438' title='bbox 1822 4462 2084 4545; x_wconf 84' lang='grc' dir='ltr'><strong><em>ε’γκαταπαίζεσθαι</em></strong></span> <span class='ocrx_word' id='word_1_439' title='bbox 2101 4462 2156 4530; x_wconf 85' lang='grc' dir='ltr'><strong><em>ύπὸ</em></strong></span> <span class='ocrx_word' id='word_1_440' title='bbox 2177 4469 2233 4528; x_wconf 82' lang='grc' dir='ltr'><strong><em>τών</em></strong></span> 
     </span>
     <span class='ocr_line' id='line_1_31' title="bbox 591 4580 2232 4673; baseline 0.002 -21"><span class='ocrx_word' id='word_1_441' title='bbox 591 4587 713 4671; x_wconf 86' lang='grc' dir='ltr'><strong><em>ἀγγέλων</em></strong></span> <span class='ocrx_word' id='word_1_442' title='bbox 722 4585 815 4650; x_wconf 78' lang='grc' dir='ltr'><strong><em>αἰτοῦ.</em></strong></span> <span class='ocrx_word' id='word_1_443' title='bbox 830 4583 967 4650; x_wconf 74' lang='grc' dir='ltr'><strong><em>πέποιθεν</em></strong></span> <span class='ocrx_word' id='word_1_444' title='bbox 976 4580 1005 4648; x_wconf 78' lang='grc' dir='ltr'><strong><em>δὲ</em></strong></span> <span class='ocrx_word' id='word_1_445' title='bbox 1016 4581 1059 4650; x_wconf 85' lang='grc' dir='ltr'><strong><em>ὅτι</em></strong></span> <span class='ocrx_word' id='word_1_446' title='bbox 1072 4583 1252 4667; x_wconf 86' lang='grc' dir='ltr'><strong><em>προσκρούσει</em></strong></span> <span class='ocrx_word' id='word_1_447' title='bbox 1258 4583 1397 4668; x_wconf 83' lang='grc' dir='ltr'><strong><em>Ἰορδάνης</em></strong></span> <span class='ocrx_word' id='word_1_448' title='bbox 1411 4586 1450 4657; x_wconf 84' lang='grc' dir='ltr'><strong><em>είς</em></strong></span> <span class='ocrx_word' id='word_1_449' title='bbox 1462 4585 1495 4651; x_wconf 87' lang='grc' dir='ltr'><strong><em>τό</em></strong></span> <span class='ocrx_word' id='word_1_450' title='bbox 1510 4585 1601 4668; x_wconf 88' lang='grc' dir='ltr'><strong><em>στόμα</em></strong></span> <span class='ocrx_word' id='word_1_451' title='bbox 1616 4586 1709 4662; x_wconf 81' lang='grc' dir='ltr'><strong><em>αύτού,</em></strong></span> <span class='ocrx_word' id='word_1_452' title='bbox 1726 4587 1754 4652; x_wconf 79' lang='grc' dir='ltr'><strong><em>ἐν</em></strong></span> <span class='ocrx_word' id='word_1_453' title='bbox 1769 4585 1798 4652; x_wconf 78' lang='grc' dir='ltr'><strong><em>δὲ</em></strong></span> <span class='ocrx_word' id='word_1_454' title='bbox 1812 4593 1852 4668; x_wconf 75' lang='grc' dir='ltr'><strong><em>τῷ</em></strong></span> <span class='ocrx_word' id='word_1_455' title='bbox 1867 4587 2011 4673; x_wconf 70' lang='grc' dir='ltr'><strong><em>ὀφθαλμώ</em></strong></span> <span class='ocrx_word' id='word_1_456' title='bbox 2025 4589 2111 4656; x_wconf 68' lang='lat' dir='ltr'>mirari</span> <span class='ocrx_word' id='word_1_457' title='bbox 2126 4591 2232 4667; x_wconf 69' lang='grc' dir='ltr'><strong><em>δέξεται</em></strong></span> 
     </span>
     <span class='ocr_line' id='line_1_32' title="bbox 592 4708 2232 4801; baseline 0.001 -21"><span class='ocrx_word' id='word_1_458' title='bbox 592 4714 683 4780; x_wconf 79' lang='grc' dir='ltr'><strong><em>αὐτόν.</em></strong></span> <span class='ocrx_word' id='word_1_459' title='bbox 705 4716 765 4777; x_wconf 82' lang='grc' dir='ltr'><strong><em>πᾶν</em></strong></span> <span class='ocrx_word' id='word_1_460' title='bbox 786 4708 816 4776; x_wconf 78' lang='grc' dir='ltr'><strong><em>δὲ</em></strong></span> <span class='ocrx_word' id='word_1_461' title='bbox 833 4709 944 4776; x_wconf 86' lang='grc' dir='ltr'><strong><em>πλωτὸν</em></strong></span> <span class='ocrx_word' id='word_1_462' title='bbox 962 4709 1099 4776; x_wconf 82' lang='grc' dir='ltr'><strong><em>σιπελθόν</em></strong></span> <span class='ocrx_word' id='word_1_463' title='bbox 1118 4710 1150 4776; x_wconf 82' lang='grc' dir='ltr'><strong><em>ού</em></strong></span> <span class='ocrx_word' id='word_1_464' title='bbox 1167 4709 1203 4794; x_wconf 85' lang='grc' dir='ltr'><strong><em>μή</em></strong></span> <span class='ocrx_word' id='word_1_465' title='bbox 1222 4711 1349 4794; x_wconf 75' lang='grc' dir='ltr'><strong><em>ἐνέγκωσι</em></strong></span> <span class='ocrx_word' id='word_1_466' title='bbox 1366 4711 1471 4796; x_wconf 90' lang='grc' dir='ltr'><strong><em>βύρσαν</em></strong></span> <span class='ocrx_word' id='word_1_467' title='bbox 1489 4715 1555 4796; x_wconf 89' lang='grc' dir='ltr'><strong><em>μίαν</em></strong></span> <span class='ocrx_word' id='word_1_468' title='bbox 1573 4713 1659 4796; x_wconf 86' lang='grc' dir='ltr'><strong><em>ούράς</em></strong></span> <span class='ocrx_word' id='word_1_469' title='bbox 1678 4713 1776 4790; x_wconf 76' lang='grc' dir='ltr'><strong><em>αὐτοῦ,</em></strong></span> <span class='ocrx_word' id='word_1_470' title='bbox 1796 4712 1844 4780; x_wconf 80' lang='grc' dir='ltr'><strong><em>καί</em></strong></span> <span class='ocrx_word' id='word_1_471' title='bbox 1863 4715 1895 4797; x_wconf 83' lang='grc' dir='ltr'><strong><em>ίμ</em></strong></span> <span class='ocrx_word' id='word_1_472' title='bbox 1916 4711 1978 4800; x_wconf 77' lang='lat' dir='ltr'>(sie</span> <span class='ocrx_word' id='word_1_473' title='bbox 1993 4713 2112 4801; x_wconf 84' lang='lat' dir='ltr'>codex)</span> <span class='ocrx_word' id='word_1_474' title='bbox 2127 4719 2232 4790; x_wconf 86' lang='grc' dir='ltr'><strong><em>πλοάκς</em></strong></span> 
     </span>
     <span class='ocr_line' id='line_1_33' title="bbox 592 4837 2232 4926; baseline 0.002 -21"><span class='ocrx_word' id='word_1_475' title='bbox 592 4839 690 4906; x_wconf 78' lang='grc' dir='ltr'><strong><em>ἀλιέων</em></strong></span> <span class='ocrx_word' id='word_1_476' title='bbox 703 4837 826 4922; x_wconf 88' lang='grc' dir='ltr'><strong><em>κεφαλήν</em></strong></span> <span class='ocrx_word' id='word_1_477' title='bbox 845 4837 937 4903; x_wconf 85' lang='grc' dir='ltr'><strong><em>οώτού.</em></strong></span> <span class='ocrx_word' id='word_1_478' title='bbox 966 4839 1008 4910; x_wconf 88' lang='grc' dir='ltr'><strong><em>τίς</em></strong></span> <span class='ocrx_word' id='word_1_479' title='bbox 1022 4837 1199 4919; x_wconf 68' lang='grc' dir='ltr'><strong><em>ἀποκαλύψει</em></strong></span> <span class='ocrx_word' id='word_1_480' title='bbox 1216 4837 1368 4920; x_wconf 90' lang='grc' dir='ltr'><strong><em>πρόσωπον</em></strong></span> <span class='ocrx_word' id='word_1_481' title='bbox 1387 4837 1518 4912; x_wconf 86' lang='grc' dir='ltr'><strong><em>ε’νδύσεως</em></strong></span> <span class='ocrx_word' id='word_1_482' title='bbox 1537 4838 1637 4916; x_wconf 74' lang='grc' dir='ltr'><strong><em>αὐτοῦ,Ι</em></strong></span> <span class='ocrx_word' id='word_1_483' title='bbox 1658 4840 1697 4913; x_wconf 87' lang='grc' dir='ltr'><strong><em>εἰς</em></strong></span> <span class='ocrx_word' id='word_1_484' title='bbox 1715 4838 1745 4905; x_wconf 79' lang='grc' dir='ltr'><strong><em>δὲ</em></strong></span> <span class='ocrx_word' id='word_1_485' title='bbox 1763 4841 1860 4919; x_wconf 85' lang='grc' dir='ltr'><strong><em>πτύξιν</em></strong></span> <span class='ocrx_word' id='word_1_486' title='bbox 1878 4841 2014 4926; x_wconf 84' lang='grc' dir='ltr'><strong><em>θώρακος</em></strong></span> <span class='ocrx_word' id='word_1_487' title='bbox 2032 4842 2117 4908; x_wconf 82' lang='grc' dir='ltr'><strong><em>αύτού</em></strong></span> <span class='ocrx_word' id='word_1_488' title='bbox 2135 4845 2178 4917; x_wconf 85' lang='grc' dir='ltr'><strong><em>τίς</em></strong></span> <span class='ocrx_word' id='word_1_489' title='bbox 2196 4842 2232 4908; x_wconf 88' lang='grc' dir='ltr'><strong><em>ἀν</em></strong></span> 
     </span>
     <span class='ocr_line' id='line_1_34' title="bbox 590 4962 2232 5052; baseline 0.002 -21"><span class='ocrx_word' id='word_1_490' title='bbox 590 4967 727 5042; x_wconf 76' lang='grc' dir='ltr'><strong><em>εἰσελθοις</em></strong></span> <span class='ocrx_word' id='word_1_491' title='bbox 742 4965 831 5038; x_wconf 90' lang='grc' dir='ltr'><strong><em>πύλας</em></strong></span> <span class='ocrx_word' id='word_1_492' title='bbox 845 4962 875 5030; x_wconf 75' lang='grc' dir='ltr'><strong><em>δὲ</em></strong></span> <span class='ocrx_word' id='word_1_493' title='bbox 888 4964 1039 5048; x_wconf 74' lang='grc' dir='ltr'><strong><em>προσώπου</em></strong></span> <span class='ocrx_word' id='word_1_494' title='bbox 1053 4963 1138 5030; x_wconf 74' lang='grc' dir='ltr'><strong><em>αὐτοῦ</em></strong></span> <span class='ocrx_word' id='word_1_495' title='bbox 1152 4966 1194 5038; x_wconf 88' lang='grc' dir='ltr'><strong><em>τίς</em></strong></span> <span class='ocrx_word' id='word_1_496' title='bbox 1208 4963 1326 5041; x_wconf 75' lang='grc' dir='ltr'><strong><em>ἀνοίξας</em></strong></span> <span class='ocrx_word' id='word_1_497' title='bbox 1344 4963 1433 5045; x_wconf 74' lang='grc' dir='ltr'><strong><em>κύκλῳ</em></strong></span> <span class='ocrx_word' id='word_1_498' title='bbox 1446 4965 1567 5031; x_wconf 85' lang='grc' dir='ltr'><strong><em>ὀδόντων</em></strong></span> <span class='ocrx_word' id='word_1_499' title='bbox 1581 4965 1666 5032; x_wconf 78' lang='grc' dir='ltr'><strong><em>αὐτοῦ</em></strong></span> <span class='ocrx_word' id='word_1_500' title='bbox 1680 4966 1776 5052; x_wconf 91' lang='grc' dir='ltr'><strong><em>φόβος.</em></strong></span> <span class='ocrx_word' id='word_1_501' title='bbox 1798 4965 1836 5033; x_wconf 90' lang='grc' dir='ltr'><strong><em>τά</em></strong></span> <span class='ocrx_word' id='word_1_502' title='bbox 1850 4965 1880 5032; x_wconf 75' lang='grc' dir='ltr'><strong><em>δὲ</em></strong></span> <span class='ocrx_word' id='word_1_503' title='bbox 1894 4969 1998 5052; x_wconf 76' lang='grc' dir='ltr'><strong><em>ἔγκατα</em></strong></span> <span class='ocrx_word' id='word_1_504' title='bbox 2013 4970 2099 5036; x_wconf 82' lang='grc' dir='ltr'><strong><em>αύτού</em></strong></span> <span class='ocrx_word' id='word_1_505' title='bbox 2117 4971 2232 5044; x_wconf 89' lang='grc' dir='ltr'><strong><em>ἀσπίδες</em></strong></span> 
     </span>
     <span class='ocr_line' id='line_1_35' title="bbox 589 5086 2232 5179; baseline 0.003 -21"><span class='ocrx_word' id='word_1_506' title='bbox 589 5099 703 5178; x_wconf 57' lang='grc' dir='ltr'><strong><em>χαλκαῖ·</em></strong></span> <span class='ocrx_word' id='word_1_507' title='bbox 732 5093 760 5158; x_wconf 81' lang='grc' dir='ltr'><strong><em>ἐν</em></strong></span> <span class='ocrx_word' id='word_1_508' title='bbox 787 5097 906 5177; x_wconf 73' lang='grc' dir='ltr'><strong><em>πτιφμῷ</em></strong></span> <span class='ocrx_word' id='word_1_509' title='bbox 932 5092 1017 5158; x_wconf 83' lang='grc' dir='ltr'><strong><em>αύτοῦ</em></strong></span> <span class='ocrx_word' id='word_1_510' title='bbox 1042 5091 1241 5174; x_wconf 83' lang='grc' dir='ltr'><strong><em>ίπιφαύσκεται</em></strong></span> <span class='ocrx_word' id='word_1_511' title='bbox 1267 5086 1442 5178; x_wconf 73' lang='lat' dir='ltr'>(descripsi</span> <span class='ocrx_word' id='word_1_512' title='bbox 1468 5088 1612 5177; x_wconf 85' lang='grc' dir='ltr'><strong><em>ε’πιφάσκ.)</em></strong></span> <span class='ocrx_word' id='word_1_513' title='bbox 1638 5095 1749 5178; x_wconf 81' lang='grc' dir='ltr'><strong><em>φέγγος·</em></strong></span> <span class='ocrx_word' id='word_1_514' title='bbox 1775 5096 1802 5160; x_wconf 86' lang='grc' dir='ltr'><strong><em>οἱ</em></strong></span> <span class='ocrx_word' id='word_1_515' title='bbox 1826 5093 1856 5160; x_wconf 79' lang='grc' dir='ltr'><strong><em>δὲ</em></strong></span> <span class='ocrx_word' id='word_1_516' title='bbox 1881 5093 2029 5179; x_wconf 80' lang='grc' dir='ltr'><strong><em>ὀφθαλμοὶ</em></strong></span> <span class='ocrx_word' id='word_1_517' title='bbox 2054 5097 2139 5163; x_wconf 82' lang='grc' dir='ltr'><strong><em>αίτού</em></strong></span> <span class='ocrx_word' id='word_1_518' title='bbox 2160 5099 2232 5170; x_wconf 80' lang='grc' dir='ltr'><strong><em>εἶδος</em></strong></span> 
     </span>
     <span class='ocr_line' id='line_1_36' title="bbox 590 5217 2230 5308; baseline 0.002 -24"><span class='ocrx_word' id='word_1_519' title='bbox 590 5221 746 5304; x_wconf 81' lang='grc' dir='ltr'><strong><em>ἑωσφόρου,</em></strong></span> <span class='ocrx_word' id='word_1_520' title='bbox 775 5220 805 5284; x_wconf 84' lang='grc' dir='ltr'><strong><em>έκ</em></strong></span> <span class='ocrx_word' id='word_1_521' title='bbox 830 5219 970 5302; x_wconf 87' lang='grc' dir='ltr'><strong><em>στόματος</em></strong></span> <span class='ocrx_word' id='word_1_522' title='bbox 996 5217 1081 5284; x_wconf 80' lang='grc' dir='ltr'><strong><em>αύτοῦ</em></strong></span> <span class='ocrx_word' id='word_1_523' title='bbox 1108 5217 1302 5302; x_wconf 81' lang='grc' dir='ltr'><strong><em>έκπορεύοιται</em></strong></span> <span class='ocrx_word' id='word_1_524' title='bbox 1325 5218 1470 5302; x_wconf 86' lang='grc' dir='ltr'><strong><em>λαμπάδες</em></strong></span> <span class='ocrx_word' id='word_1_525' title='bbox 1498 5220 1652 5303; x_wconf 81' lang='grc' dir='ltr'><strong><em>καιόμεναι,</em></strong></span> <span class='ocrx_word' id='word_1_526' title='bbox 1681 5217 1729 5286; x_wconf 78' lang='grc' dir='ltr'><strong><em>καί</em></strong></span> <span class='ocrx_word' id='word_1_527' title='bbox 1758 5226 1965 5306; x_wconf 82' lang='grc' dir='ltr'><strong><em>διαριπτοόνται</em></strong></span> <span class='ocrx_word' id='word_1_528' title='bbox 1992 5223 2109 5308; x_wconf 75' lang='grc' dir='ltr'><strong><em>ἐσχάραι</em></strong></span> <span class='ocrx_word' id='word_1_529' title='bbox 2136 5225 2230 5308; x_wconf 84' lang='grc' dir='ltr'><strong><em>πυρός.</em></strong></span> 
     </span>
     <span class='ocr_line' id='line_1_37' title="bbox 590 5343 2228 5438; baseline 0.002 -28"><span class='ocrx_word' id='word_1_530' title='bbox 590 5347 619 5410; x_wconf 80' lang='grc' dir='ltr'><strong><em>ἐκ</em></strong></span> <span class='ocrx_word' id='word_1_531' title='bbox 644 5343 787 5430; x_wconf 87' lang='grc' dir='ltr'><strong><em>μυκτήρων</em></strong></span> <span class='ocrx_word' id='word_1_532' title='bbox 813 5345 898 5412; x_wconf 81' lang='grc' dir='ltr'><strong><em>αύτού</em></strong></span> <span class='ocrx_word' id='word_1_533' title='bbox 924 5345 1099 5429; x_wconf 77' lang='grc' dir='ltr'><strong><em>ἐκπορεύεται</em></strong></span> <span class='ocrx_word' id='word_1_534' title='bbox 1121 5345 1228 5418; x_wconf 87' lang='grc' dir='ltr'><strong><em>καπνός</em></strong></span> <span class='ocrx_word' id='word_1_535' title='bbox 1253 5347 1368 5430; x_wconf 89' lang='grc' dir='ltr'><strong><em>καμίνου</em></strong></span> <span class='ocrx_word' id='word_1_536' title='bbox 1394 5347 1550 5430; x_wconf 82' lang='grc' dir='ltr'><strong><em>καιομένης,</em></strong></span> <span class='ocrx_word' id='word_1_537' title='bbox 1579 5345 1626 5412; x_wconf 82' lang='grc' dir='ltr'><strong><em>καί</em></strong></span> <span class='ocrx_word' id='word_1_538' title='bbox 1652 5345 1717 5430; x_wconf 79' lang='grc' dir='ltr'><strong><em>πυρί</em></strong></span> <span class='ocrx_word' id='word_1_539' title='bbox 1744 5348 1899 5432; x_wconf 87' lang='grc' dir='ltr'><strong><em>ἀνθράκων</em></strong></span> <span class='ocrx_word' id='word_1_540' title='bbox 1919 5348 1936 5432; x_wconf 83' lang='grc' dir='ltr'><strong><em>ή</em></strong></span> <span class='ocrx_word' id='word_1_541' title='bbox 1957 5348 2033 5433; x_wconf 81' lang='grc' dir='ltr'><strong><em>ψυχή</em></strong></span> <span class='ocrx_word' id='word_1_542' title='bbox 2062 5344 2148 5434; x_wconf 85' lang='lat' dir='ltr'>(cod.</span> <span class='ocrx_word' id='word_1_543' title='bbox 2174 5349 2228 5438; x_wconf 77' lang='grc' dir='ltr'><strong><em>-γὶ)</em></strong></span> 
     </span>
    </p>

    <p class='ocr_par' dir='ltr' id='par_1_6' title="bbox 692 5485 1952 5560">
     <span class='ocr_line' id='line_1_38' title="bbox 692 5485 1952 5560; baseline 0.003 -20"><span class='ocrx_word' id='word_1_544' title='bbox 692 5491 712 5552; x_wconf 88' lang='lat'><strong><em>¹)</em></strong></span> <span class='ocrx_word' id='word_1_545' title='bbox 725 5485 768 5541; x_wconf 81' lang='lat' dir='ltr'><strong><em>ef.</em></strong></span> <span class='ocrx_word' id='word_1_546' title='bbox 779 5486 839 5542; x_wconf 92' lang='lat' dir='ltr'>Iob.</span> <span class='ocrx_word' id='word_1_547' title='bbox 853 5503 915 5558; x_wconf 80' lang='lat' dir='ltr'>cap.</span> <span class='ocrx_word' id='word_1_548' title='bbox 928 5486 981 5540; x_wconf 87' lang='lat' dir='ltr'><strong><em>XL</em></strong></span> <span class='ocrx_word' id='word_1_549' title='bbox 995 5492 1024 5542; x_wconf 81' lang='lat' dir='ltr'><strong><em>ct</em></strong></span> <span class='ocrx_word' id='word_1_550' title='bbox 1034 5485 1110 5541; x_wconf 86' lang='lat' dir='ltr'>XLI.</span> <span class='ocrx_word' id='word_1_551' title='bbox 1135 5485 1242 5542; x_wconf 74' lang='lat' dir='ltr'><strong>Textun</strong></span> <span class='ocrx_word' id='word_1_552' title='bbox 1255 5485 1382 5542; x_wconf 81' lang='lat' dir='ltr'>chronici</span> <span class='ocrx_word' id='word_1_553' title='bbox 1394 5487 1476 5558; x_wconf 83' lang='lat' dir='ltr'>plura</span> <span class='ocrx_word' id='word_1_554' title='bbox 1487 5485 1574 5543; x_wconf 72' lang='lat' dir='ltr'>habet</span> <span class='ocrx_word' id='word_1_555' title='bbox 1586 5488 1674 5560; x_wconf 80' lang='lat' dir='ltr'>digna</span> <span class='ocrx_word' id='word_1_556' title='bbox 1685 5488 1833 5545; x_wconf 75' lang='lat' dir='ltr'>notatione</span> <span class='ocrx_word' id='word_1_557' title='bbox 1846 5487 1952 5544; x_wconf 60' lang='lat' dir='ltr'>critica</span> 
     </span>
    </p>
   </div>
   <div class='ocr_carea' id='block_1_5' title="bbox 0 0 2646 6615">
    <p class='ocr_par' dir='ltr' id='par_1_7' title="bbox 0 0 2646 6615">
     <span class='ocr_line' id='line_1_39' title="bbox 0 0 2646 6615; baseline 0 0"><span class='ocrx_word' id='word_1_558' title='bbox 0 0 2646 6615; x_wconf 95' lang='lat' dir='ltr'><strong><em> </em></strong></span> 
     </span>
    </p>
   </div>
  </div>
 </body>
</html>
