5244 6618
600 664 637 710 VI

605 846 790 927 Slavonice,
813 851 964 929 quattuor
979 843 1145 927 Georgica.
1175 845 1256 910 Item
1272 840 1420 926 Syriacus
1437 845 1570 924 uterque
1587 837 1743 925 Georgice
1758 844 1934 928 rescriptas
1949 851 2009 911 est.
2040 844 2188 912 Ceterum
2203 845 2237 909 hi

604 974 743 1056 codices,
765 973 849 1040 iuter
870 992 950 1056 quos
973 972 1112 1039 eminent
1127 971 1242 1038 Graeci
1260 969 1479 1053 antiquissimo
1501 969 1678 1038 litterarum
1700 970 1868 1038 uncialium
1890 991 2007 1055 genere
2029 979 2175 1056 aquarto
2194 973 2234 1037 ad

602 1121 719 1168 nonum
745 1102 906 1168 saeculum
931 1099 1042 1183 scripti
1067 1099 1299 1182 duodeviginti,
1328 1099 1439 1181 paucis
1464 1097 1636 1165 levioribus
1662 1098 1817 1182 exceptis,
1846 1105 1919 1166 ante
1944 1119 1995 1166 me
2021 1100 2234 1166 litteratorum

603 1229 765 1298 hominum
784 1228 901 1296 nemini
921 1227 1135 1294 innotuerant.
1172 1228 1277 1308 Atque
1296 1226 1374 1292 illud
1391 1225 1518 1308 quidem
1534 1225 1688 1308 singulari
1711 1225 1928 1309 providentiae
1943 1227 2067 1294 divinae
2082 1225 2234 1293 beneficio

606 1356 778 1440 contigisse
799 1355 948 1436 arbitror,
971 1354 1071 1437 quod,
1094 1358 1130 1420 ut
1144 1353 1202 1421 hos
1223 1353 1366 1437 inprimis
1386 1352 1579 1437 praedicem,
1601 1357 1651 1419 tot
1670 1351 1753 1419 sacri
1772 1353 1897 1420 codices
1917 1373 2071 1450 annorum
2093 1355 2177 1420 mille
2197 1374 2233 1420 ac

604 1486 676 1568 plus
697 1483 783 1550 mille
803 1503 823 1549 a
841 1483 998 1550 communi
1019 1481 1228 1566 plurimorum
1247 1480 1395 1547 similium
1415 1499 1557 1547 summae
1576 1478 1774 1562 antiquitatis
1794 1479 1993 1548 Christianae
2012 1486 2232 1548 monumentu-

603 1631 675 1678 rum
689 1611 820 1677 interitu
835 1610 915 1677 salvi
929 1611 970 1676 ad
983 1616 1095 1676 nostra
1108 1627 1211 1691 usque
1225 1613 1440 1692 pervenerunt
1454 1615 1599 1692 tempora
1613 1613 1708 1690 atque
1722 1626 1805 1674 nunc
1826 1627 1864 1673 ex
1883 1607 2020 1691 indignis
2040 1607 2180 1675 tenebris
2201 1608 2233 1673 in

602 1741 704 1805 lucem
723 1738 893 1822 prodeunt.

732 1867 769 1930 ln
791 1863 997 1948 excerpendis
1022 1863 1183 1931 codicibus
1208 1863 1324 1946 prioris
1348 1862 1542 1930 collectionis
1568 1863 1675 1946 paullo
1700 1863 1827 1946 parcior
1848 1881 1934 1928 eram
1959 1881 2052 1946 quam
2074 1863 2106 1928 iu
2133 1864 2234 1929 altera

604 1993 806 2060 collectione:
828 1993 900 2058 illos
921 1993 1003 2058 enlm
1024 2011 1088 2058 non
1108 1997 1173 2056 tam
1192 1992 1225 2056 in
1243 1991 1422 2057 litterarum
1443 2009 1535 2056 usum
1556 1988 1760 2056 convertendi
1775 1989 1940 2056 consilium
1956 1995 2039 2069 erat,
2061 2008 2155 2072 quarn
2171 2009 2234 2072 qua

604 2125 714 2188 essent
733 2119 887 2202 dignitate
907 2124 941 2185 et
958 2139 1051 2202 quem
1074 2120 1252 2185 litterarum
1270 2117 1407 2208 fructum
1422 2120 1646 2202 promitterent
1659 2113 1873 2199 significandi3
1897 2123 2127 2200 praetereaque
2142 2119 2232 2183 multi

606 2248 761 2314 eiusmodi
781 2252 856 2314 sunt
877 2265 957 2329 quos
979 2253 1065 2313 totos
1088 2247 1183 2313 edere
1205 2246 1255 2312 vel
1277 2253 1364 2313 certe
1386 2243 1539 2328 singulari
1561 2244 1666 2310 libello
1688 2247 1827 2310 mactare
1851 2251 2097 2310 consentaneum
2119 2244 2177 2310 sit:
2201 2245 2232 2310 id

603 2376 688 2457 quod
703 2377 736 2440 iu
751 2375 909 2441 nonnullis
924 2394 1026 2458 nuper
1041 2373 1103 2440 iam
1117 2373 1234 2440 iactum
1251 2379 1310 2440 est.
1343 2374 1424 2439 Item
1439 2371 1472 2438 in
1487 2371 1695 2438 describenda
1709 2372 1811 2438 altera
1825 2373 2024 2451 collectione,
2040 2371 2130 2437 cuius
2145 2374 2231 2438 codi-

604 2522 657 2569 ces
673 2503 753 2569 duos
769 2501 888 2567 dudum
902 2501 1022 2585 publici
1036 2502 1114 2567 iuris
1130 2501 1230 2568 iactos
1246 2501 1278 2566 in
1293 2507 1369 2567 nota
1382 2505 1507 2566 tantum
1520 2501 1732 2583 respeximus,
1748 2499 1891 2582 inprimis
1906 2498 1966 2565 hoc
1981 2505 2158 2582 spectatum
2173 2507 2232 2580 est,

604 2635 640 2695 ut
653 2634 833 2696 accuratam
849 2630 1046 2712 siugqurum
1065 2629 1209 2695 notitiam
1229 2627 1421 2712 praebentes
1442 2627 1483 2694 ad
1502 2625 1701 2694 accuratiora
1717 2625 1823 2692 studia
1842 2626 1928 2693 viros
1950 2627 2061 2693 doctos
2081 2627 2231 2692 inultare·

602 2775 682 2822 mus.
720 2756 791 2836 Qua
809 2756 842 2822 In
862 2775 896 2823 re
916 2755 1015 2822 multo
1031 2755 1161 2822 uberius
1176 2755 1216 2822 de
1232 2755 1363 2822 GraecIs
1379 2755 1568 2838 explimtum
1583 2758 1635 2819 est
1648 2771 1741 2836 quam
1757 2754 1797 2818 de
1811 2754 1956 2836 reliquis,
1977 2755 2094 2837 quippe
2113 2754 2146 2820 in
2161 2756 2231 2836 qui·
2248 2724 2253 2733 Ι

602 2883 663 2950 bus
679 2883 850 2966 descriptio
872 2888 984 2951 nostra.
1000 2901 1065 2951 non
1085 2887 1150 2950 tam
1169 2902 1189 2949 a
1208 2882 1299 2950 nobis
1319 2901 1413 2965 quarn
1433 2882 1473 2947 ab
1493 2881 1532 2947 iis
1551 2881 1706 2964 penderet
1724 2881 1779 2963 qui
1797 2881 1923 2963 linguas
1943 2881 2114 2947 orientales
2134 2880 2231 2964 profi-

602 3014 721 3076 tentur.
758 3011 808 3076 Ad
828 3011 998 3078 orientales
1018 3011 1101 3076 cniur
1122 3010 1246 3076 codices
1267 3013 1394 3075 nostros
1415 3009 1447 3074 hi
1462 3007 1661 3092 potissimum
1677 3009 1737 3074 uiri
1752 3008 1919 3074 clarissimi
1933 3009 2073 3074 studium
2088 3011 2230 3075 contule·

602 3142 693 3203 runt:
717 3138 757 3203 ad
776 3138 930 3204 Arabicos
951 3137 990 3202 H.
1006 3137 1042 3203 L.
1058 3137 1222 3203 Fleiscber
1242 3141 1275 3203 et
1293 3136 1323 3202 J.
1337 3136 1570 3216 Gildemeister,
1592 3136 1632 3200 ad
1653 3133 1799 3218 Syriacos
1819 3136 1905 3200 Frid.
1920 3134 2008 3201 Tuch
2029 3141 2062 3201 et
2080 3135 2109 3201 J.
2122 3135 2230 3201 Gilda-

602 3264 744 3345 meiSter,
763 3264 805 3330 ad
820 3264 968 3347 CoptIcos
985 3264 1022 3330 G.
1036 3263 1207 3348 Seyffertb,
1227 3264 1268 3330 ad
1283 3263 1458 3347 Georgicos
1473 3263 1514 3330 Η.
1531 3263 1735 3342 Petermann,
1755 3263 1796 3330 ad
1810 3263 2015 3346 Abyssinicos
2030 3263 2119 3328 Frid.
2133 3263 2230 3343 Tuch,

603 3391 644 3458 ad
659 3391 812 3458 ArabIcos
827 3391 1003 3458 Drusianos
1019 3391 1060 3456 H.
1072 3392 1108 3456 L.
1121 3391 1293 3472 Fleiscber,
1313 3391 1354 3456 ad
1369 3389 1544 3458 Hebraioos
1560 3395 1593 3456 et
1608 3389 1826 3457 Hebraeorum
1842 3390 1996 3456 Arabicus
2011 3390 2070 3455 Ad.
2083 3390 2105 3456 J
2106 3390 2231 3472 aliiuek,

603 3518 633 3583 J.
649 3518 762 3599 Furst,
782 3519 839 3601 (M.
856 3517 1137 3600 Steiuschneider).

730 3645 877 3728 Plerique
899 3647 1030 3713 alterius
1054 3645 1249 3713 collectionis
1271 3645 1411 3727 codices,
1432 3646 1521 3712 utin
1543 3645 1613 3729 ipso
1636 3645 1717 3712 libro
1739 3649 1882 3712 notatum
1906 3652 1968 3725 est,
1996 3664 2066 3710 meo
2089 3645 2230 3728 insigniti

606 3777 682 3838 sunt
703 3775 840 3838 nomme.
885 3772 977 3852 Quod
998 3792 1081 3839 anuo
1103 3773 1343 3854 MDCOCXLV,
1363 3791 1426 3854 quo
1452 3777 1521 3840 tota
1541 3773 1684 3840 collectio
1707 3774 1747 3839 ad
1769 3773 1990 3839 bibliothecam
2014 3771 2231 3838 universitatis

603 3899 778 3982 Lipsiensis
794 3899 965 3982 transibat,
987 3901 1176 3968 auctoritate
1199 3899 1316 3966 Iactum
1337 3904 1387 3966 est
1406 3919 1514 3966 eorum
1535 3900 1589 3982 qui
1604 3900 1658 3966 illo
1673 3907 1816 3982 tempore
1832 3900 1919 3982 regis
1934 3900 2059 3965 nomine
2076 3919 2229 3965 summam

605 4027 822 4093 universitatis
837 4033 967 4094 nostrae
983 4046 1090 4094 curam
1106 4027 1268 4111 gerebant.
1305 4027 1411 4111 Ipsius
1431 4046 1507 4094 vero
1526 4027 1612 4110 regis
1628 4027 1783 4093 Friderici
1798 4027 1936 4110 Augusti
1955 4027 2081 4092 nornine
2100 4027 2229 4093 immor-

603 4153 660 4218 tali
684 4155 870 4220 tbesaurum
895 4172 985 4220 meae
1007 4155 1201 4221 collectionis
1228 4153 1434 4238 priucipalem
1457 4173 1495 4222 eo
1520 4154 1669 4236 insignivi
1690 4154 1822 4221 consilio
1844 4160 1881 4219 ut
1904 4173 2024 4236 „quum
2047 4156 2131 4236 grati
2154 4174 2231 4238 erga

605 4281 780 4364 principem
803 4281 956 4364 optimum
976 4281 1146 4364 devotique
1168 4281 1264 4347 animi
1284 4283 1347 4348 mei
1368 4281 1477 4364 testis,
1499 4287 1566 4346 tum
1588 4281 1720 4347 eximiae
1742 4281 1811 4348 eius
1833 4280 1917 4347 circa
1939 4282 2039 4348 bonas
2061 4301 2099 4348 ac
2122 4301 2229 4348 sacras

604 4407 728 4474 litteras
744 4427 839 4474 curae
855 4405 1149 4491 munificentIaeque
1171 4413 1406 4475 monumentum
1426 4410 1599 4475 exsaruit
1637 4407 1725 4486 Quae
1741 4408 1839 4473 verba
1852 4409 1883 4473 in
1900 4410 2098 4475 dedIcatione
2113 4411 2230 4476 codicis

604 4535 970 4618 Priuerno-Augustani
989 4554 1009 4600 a
1029 4555 1078 4601 me
1098 4535 1204 4619 posita
1223 4535 1318 4601 etlam
1337 4535 1379 4601 ad
1397 4540 1497 4604 totam
1516 4535 1733 4601 collectionem
1755 4535 1964 4602 bibliothecae
1988 4539 2110 4620 patriae
2130 4537 2229 4602 tradi-

604 4665 670 4726 tam
684 4663 791 4728 valere
808 4663 909 4729 volui:
933 4663 1018 4744 quod
1033 4663 1174 4745 quidem,
1191 4667 1227 4727 ut
1241 4663 1312 4746 ipsa
1326 4681 1378 4728 res
1393 4662 1657 4745 quemadmodum
1673 4669 1804 4746 peracta
1818 4671 1868 4729 est
1883 4663 2047 4731 manifeste
2064 4665 2169 4743 docet,
2185 4664 2231 4728 ita

605 4807 761 4854 summurn
776 4790 862 4872 regis
878 4791 1071 4870 ministrum,
1093 4789 1133 4856 ad
1148 4808 1242 4871 quem
1257 4807 1296 4856 ea
1310 4808 1363 4856 res
1377 4789 1572 4874 pertinebat,
1592 4795 1695 4855 ratum
1710 4790 1860 4857 habuisse
1880 4792 2057 4859 luculenter
2071 4795 2230 4855 testantur

603 4915 730 4982 litterae
746 4917 815 4983 eius
830 4917 923 4986 datae
938 4919 980 4982 ad
997 4937 1047 4984 me
1068 4917 1119 4983 dle
1139 4923 1186 4983 15.
1203 4935 1244 4982 m.
1256 4917 1349 4982 Mart.
1365 4936 1393 4982 a.
1409 4924 1510 4997 1845,
1530 4936 1706 5000 rursusque
1727 4937 1808 4999 quae
1829 4919 1870 4984 ob
1890 4925 2015 4984 auctam
2031 4936 2113 4982 arne
2133 4917 2228 4982 colle·

605 5043 740 5108 ctionem
756 5045 785 5109 d.
802 5050 848 5112 15.
860 5064 901 5110 m.
914 5045 993 5112 Nov.
1010 5050 1099 5112 1853.
1116 5049 1149 5110 et
1163 5045 1193 5109 d.
1210 5050 1257 5110 11.
1270 5063 1310 5109 m.
1324 5043 1392 5110 Oct.
1409 5050 1497 5112 1860.
1514 5045 1624 5110 eadem
1640 5046 1829 5111 auctoritate
1845 5045 1886 5110 ad
1900 5065 1950 5110 me
1965 5045 2228 5128 pervenemut*).

705 5269 735 5338 il)
756 5270 799 5323 Ex
818 5287 912 5324 errore
925 5270 1008 5324 fluxit
1021 5272 1096 5342 quod
1110 5269 1145 5323 de
1158 5271 1260 5324 annuis
1278 5269 1307 5323 in
1320 5289 1365 5326 me
1379 5270 1491 5325 collatis
1505 5269 1620 5341 scripsit
1633 5277 1733 5326 auctor
1743 5270 1824 5324 libri:
1845 5269 1884 5324 Sr.
1898 5269 2036 5341 trajectas
2053 5269 2104 5324 des
2117 5269 2229 5339 Kiinigs

604 5353 716 5409 Johaun
731 5372 785 5409 von
800 5354 926 5410 Saclrserr
939 5355 1054 5409 Besuclr
1067 5364 1121 5410 etc.
1153 5355 1246 5410 Nebst
1263 5355 1342 5409 eiucr
1353 5355 1541 5426 Durstelrung
1558 5355 1608 5408 der
1620 5357 1773 5410 Arrstalteu
1790 5373 1815 5410 u.
1829 5357 2030 5427 baumburgi-rr
2049 5356 2099 5410 der
2111 5353 2229 5410 Univer-

604 5441 681 5494 sitiit.
712 5439 834 5512 Leipzig
846 5441 920 5494 1858.
932 5457 998 5511 pag.
1011 5441 1051 5513 94.
