5284 6620
2001 715 2043 781 99

511 923 605 1005 Quae
619 923 684 988 iam
699 929 877 1008 sequuntur
890 922 925 986 in
939 919 1093 986 ehronioo
1103 917 1238 1004 Georgii
1245 917 1436 1002 Hamartoli,
1452 941 1492 984 eo
1505 917 1593 1002 opud
1604 915 1789 984 Gedrenum
1802 940 1868 984 non
1882 917 2041 1004 leguntur.

406 1052 562 1138 Σάββατον
575 1051 629 1136 γάρ
642 1045 675 1133 ἦν
690 1051 719 1116 ἔν
732 1044 756 1130 ᾦ
770 1046 818 1115 κατ’
831 1047 968 1134 προσευχὴ
982 1047 1030 1115 καί
1043 1049 1156 1132 νηστεία
1168 1057 1228 1122 τοῖς
1241 1057 1357 1121 πατεῖς.
1373 1047 1443 1122 ἔθος
1456 1045 1511 1130 γάρ
1524 1039 1557 1130 ἔην
1573 1045 1607 1112 τό
1620 1043 1827 1130 προσεύχεσθαι
1836 1046 1887 1131 τὴν
1900 1047 2043 1130 ἐκκλησίαν

405 1178 474 1262 ὑπὲρ
495 1183 552 1244 τῶν
573 1177 747 1244 διδασκάλων
770 1176 974 1260 ἀγωνιζομενων
994 1173 1012 1260 ἢ
1033 1177 1219 1262 θλιβομένων,
1241 1173 1282 1248 ἀς
1303 1174 1332 1240 ἔν
1352 1184 1416 1247 ταῖς
1436 1173 1554 1257 πράξεσι
1570 1178 1627 1238 τῶν
1646 1172 1811 1240 ἀποστόλων
1829 1174 1981 1258 γέγραπται
2001 1170 2044 1240 ἔτι

406 1304 543 1390 προσευχὴ
556 1300 589 1389 ip
603 1302 711 1388 ἔκαενης
724 1303 851 1388 γενομένη
867 1298 973 1387 (1706.
989 1299 1089 1390 γινομ)
1103 1301 1159 1370 ὑπό
1173 1307 1223 1386 τῆς
1236 1303 1379 1384 εἰοιλησίοις
1391 1297 1461 1384 ὑπὲρ
1474 1305 1524 1368 τοῦ
1538 1301 1657 1386 Πίτρου.
1672 1299 1712 1374 ἀς
1730 1294 1777 1366 oio
1796 1301 1825 1366 ἔν
1841 1298 1948 1386 (1706.
1964 1297 2042 1386 om.)

407 1435 492 1515 ἔκείνη
510 1437 544 1516 τῆ
562 1430 649 1516 ἡμέρρ
668 1434 718 1497 τοῦ
736 1429 881 1516 σαββάτου
901 1430 1043 1514 γενομένης
1059 1434 1109 1514 τῆς
1126 1434 1252 1512 Χριστοῦ
1270 1430 1345 1511 νίκης
1365 1425 1414 1494 καί
1434 1433 1483 1512 τῆς
1501 1427 1638 1514 πτάσεως
1657 1432 1707 1494 τοῦ
1729 1429 1902 1512 ἀντιχρίστου
1924 1425 2045 1511 (codex

409 1558 508 1626 Coiel.
525 1553 718 1644 ἀντιχρηστου)
737 1558 880 1640 Σίμωνος,
900 1557 1073 1640 ε’πιφανεροές
1088 1553 1148 1642 (ita
1164 1555 1260 1639 1706;
1282 1553 1382 1620 Ooisl.
1397 1551 1484 1642 -ροῖς)
1503 1555 1626 1641 σάββασι
1642 1555 1676 1623 τό
1691 1553 1862 1639 μνημόσυνον
1876 1555 2045 1630 ἔκτάοίυτες

405 1687 537 1772 Ῥωμαῖαι
553 1685 711 1769 νηστεόουσι
728 1681 777 1750 καί
794 1684 921 1762 στενάξας
934 1683 1057 1768 φαιδρός
1069 1687 1189 1758 ποιοῦσι,
1212 1684 1289 1768 με’χρι
1302 1687 1350 1748 νῦν
1364 1681 1414 1766 τὴν
1428 1680 1585 1767 παράδοσιν
1599 1683 1700 1766 ε’κείνητ
1713 1681 1907 1766 φυλάττοντες.
1928 1680 1977 1748 καί
1991 1683 2045 1767 γάρ

407 1811 455 1879 καί
470 1811 554 1880 άλλαι
566 1811 637 1886 τινὲς
651 1812 790 1894 ἐκκλησίαι
804 1811 926 1896 διάφορα
940 1811 1205 1894 παραφυλάττουσιν
1219 1811 1286 1893 ἔθη,
1306 1809 1408 1883 καθοές
1421 1811 1449 1876 σί
1465 1808 1519 1883 τάς
1537 1809 1763 1893 ιἰοιλησιαστοιάς
1780 1811 1904 1894 ἱστορίαις
1923 1805 2045 1896 (γραψά-

407 1935 511 2026 μενοιέ]
532 1939 739 2024 ἀνηρείψαντο.
761 1938 843 2022 παρά
856 1936 989 2010 Σιιόθαις
1005 1933 1054 2020 μὲν
1072 1937 1139 2022 γάρ,
1158 1939 1254 2022 φησίν,
1274 1938 1305 2002 αλ
1322 1937 1415 2010 πόλεις
1432 1941 1524 2002 πάσαι
1542 1937 1691 2002 ἔπισκοπον
1703 1937 1809 2022 ἔχουσιν
1823 1936 1874 2002 ἔνα
1888 1934 1936 2002 καί
1949 1936 2044 2020 μόνον.

407 2067 489 2152 παρά
503 2065 533 2130 δὲ
546 2067 684 2151 Κυπρίοις
697 2063 745 2132 καὶ
753 2065 882 2150 Ἄραψιν
896 2061 944 2130 καὶ
957 2065 986 2128 ἔν
999 2075 1063 2138 ταῖς
1081 2065 1187 2148 κόμαις
1205 2061 1273 2130 εἰσὶν
1291 2064 1442 2130 ἔπισκοποι
1468 2060 1562 2146 ὥσπερ
1581 2057 1629 2130 oin
1646 2060 1694 2128 καί
1713 2062 1794 2147 παρά
1811 2074 1870 2138 τοῖς
1889 2063 1918 2128 ἔν
1935 2065 2046 2148 Φριηίᾳ

408 2202 603 2266 Ναυατιανοῖς
620 2189 669 2258 καί
683 2197 894 2265 Μοντανισιαῖς
911 2189 959 2256 καί
977 2190 1058 2276 παρὰ
1075 2189 1124 2274 μέν
1142 2191 1318 2275 τῇίκιιλησίμ
1331 2190 1436 2274 Ῥάμης
1450 2189 1523 2256 ἔπτά
1540 2191 1625 2274 μόνον
1638 2187 1759 2257 διάκενα
1773 2192 1906 2276 γίνονται·
1921 2191 2002 2275 παρά
2017 2189 2047 2257 δὲ

408 2326 480 2388 πᾶσι
500 2330 560 2393 τοῖς
581 2317 675 2392 ἄλλοις
696 2316 851 2402 ἀδιάφορος
872 2312 888 2384 ό
907 2317 1014 2384 τοότων
1036 2317 1158 2402 ἀριθμός
1180 2319 1244 2384 ἔστι
1274 2316 1322 2383 καί
1344 2318 1373 2383 ἔν
1389 2317 1481 2401 Ῥώμη
1502 2318 1587 2384 πάλιν
1609 2315 1690 2396 ἀπαξ
1706 2315 1756 2401 μέν
1776 2312 1883 2404 (1706.
1900 2315 1977 2404 om.)
1997 2323 2047 2384 τοῦ

408 2449 533 2514 ἐνιαυτοῦ
546 2447 653 2531 λίγεται
666 2445 699 2512 τό
714 2445 871 2527 ἀλληλοόίοι,
886 2444 915 2508 ἔν
928 2449 963 2527 τῇ
976 2442 1136 2528 πραότητα]
1150 2445 1250 2529 πάσχα
1263 2444 1364 2530 ἡμέρᾳ,
1379 2444 1427 2511 καὶ
1441 2441 1529 2518 οόδελς
1543 2445 1584 2510 ἔπ’
1601 2444 1745 2529 εἰοιλησιλις
1759 2445 1879 2512 διδάσκει
1892 2447 1973 2521 ποτά,
1988 2446 2044 2512 οὐδ’

409 2575 495 2648 αι’πός
513 2573 529 2640 ό
549 2575 706 2646 ἐπίσκοπος.
734 2573 762 2636 ἐν
781 2569 810 2635 δὲ
822 2571 1018 2656 Ἀλεξανδρείᾳ
1037 2571 1158 2638 διδάσκει
1169 2570 1219 2656 μίν
1233 2571 1250 2638 ὁ
1264 2573 1413 2646 ἐπίσκοπος
1427 2572 1468 2637 ἔπ’
1485 2572 1642 2656 ἀικλησίας,
1664 2576 1721 2638 τῶν
1735 2569 1765 2638 δὲ
1778 2571 1940 2656 εόαχγελιων
1954 2573 2046 2657 ἀναγι-

408 2701 587 2784 νωσκομένων
606 2699 654 2765 οόκ
674 2699 823 2765 ἀνίσταται
841 2703 891 2764 τοῦ
904 2699 1018 2782 θρόνου.
1040 2696 1088 2764 καί
1106 2697 1156 2782 νην
1170 2698 1396 2784 τεσσαρακοστὴν
1409 2703 1467 2766 τοῖν
1479 2704 1610 2783 νηστειῶν
1624 2696 1711 2782 οίμέν
1724 2699 1881 2785 ἑβδομάδας
1894 2705 1925 2773 ς’
1940 2700 2047 2784 νηστεί»

409 2853 497 2902 ονσιν,
515 2825 556 2900 ἀς
569 2827 596 2892 oi
611 2821 717 2911 (1706.
735 2821 812 2910 om.)
828 2825 857 2890 ἔν
870 2830 911 2906 τῷ
923 2825 1062 2910 Ἰλλυρικῷ
1075 2823 1124 2890 καί
1137 2827 1228 2909 Λιβίνη
1242 2825 1290 2892 καὶ
1304 2826 1443 2910 Alpino
1456 2823 1505 2892 καὶ
1518 2825 1596 2908 πάση
1609 2829 1643 2908 τῇ
1657 2825 1731 2892 δόσει
1744 2823 1792 2892 καί
1806 2829 1995 2910 Παλαιστίνη·
2018 2828 2047 2892 ἔν

409 2953 439 3020 δὲ
455 2949 561 3038 (1706.
578 2950 652 3017 add.
667 2951 715 3036 τη)
731 2953 1025 3018 Κωνσταντινουπόλει
1037 2949 1085 3018 καί
1099 2954 1177 3035 πόριξ
1191 2951 1256 3038 ἀχρι
1273 2955 1404 3037 Φοινάιης
1417 2952 1574 3038 ἑβδομάδας
1589 2957 1616 3030 ζ’
1630 2953 1815 3036 νηστεύουσιν·
1835 2952 1915 3020 ἀλλον
1928 2951 1959 3018 δὲ
1976 2965 2048 3037 τρεῖς

408 3080 497 3166 μόνας
514 3080 617 3164 ἡμέρας
634 3079 663 3144 ἔν
681 3088 746 3152 ταῖς
764 3078 794 3156 ἔξ
811 3077 828 3162 ἢ
847 3079 921 3145 ἔπτά
939 3079 1083 3164 σποράδην
1096 3080 1281 3164 νηστεύουσιν,
1301 3081 1386 3165 ἔτερον
1400 3077 1430 3146 δέ
1443 3091 1517 3164 τρεῖς
1531 3080 1688 3164 ἑβδομάδας
1701 3079 1799 3165 ἔφεξης
1814 3080 1870 3164 πρὸ
1884 3085 1934 3148 τοῦ
1947 3082 2048 3167 πάσχα

409 3205 606 3274 συνάπτωσιν·
627 3202 733 3292 (1706.
746 3203 837 3270 addit
851 3204 931 3272 ἀλλα
944 3203 975 3270 δὲ
988 3206 1049 3282 δόο,
1068 3205 1109 3282 ἀς
1122 3207 1149 3272 οἱ
1162 3207 1200 3273 τά
1215 3212 1368 3276 Μοντανοῦ
1381 3202 1559 3292 φρονοῦντες)
1575 3207 1603 3272 ἔν
1616 3233 1671 3274 τισι
1684 3205 1715 3272 δέ
1728 3207 1824 3275 πόλεσι
1837 3213 1887 3293 τῆς
1900 3209 2048 3294 Αἰγύπτου

409 3336 481 3418 πρὸς
501 3336 621 3418 ἕσπερον
641 3333 814 3418 ἠριστηκότες
835 3337 892 3398 τῶν
912 3335 1067 3417 μυστηράον
1088 3335 1338 3418 μεταλαμβάνωσι
1366 3331 1414 3400 καί
1434 3339 1526 3401 ταῦτα
1544 3331 1593 3418 μὲν
1611 3333 1798 3420 όΣωκράτης
1805 3331 1829 3421 ¹)
1849 3335 1991 3420 ἱστόρησεν
2009 3335 2049 3410 ἀς

409 3463 481 3536 είκὸς
494 3462 558 3528 τότε
571 3458 765 3544 φυλαττόμενα
779 3459 887 3526 πάντα·
902 3465 950 3526 νῦν
964 3458 994 3525 δὲ
1007 3463 1119 3544 πλείστη
1133 3458 1181 3526 καί
1195 3460 1270 3526 κατά
1283 3463 1365 3544 μέρος
1379 3461 1514 3546 ε’ναλλαχη
1528 3464 1635 3546 γέγονεν
1649 3463 1678 3528 ἔν
1694 3459 1801 3547 (1706.
1815 3459 1893 3549 om.)
1909 3475 1968 3538 τοῖς
1982 3465 2048 3548 ιε’ρη-

408 3592 499 3673 μίνοις
514 3583 620 3673 (1706.
638 3583 715 3672 om.)
731 3587 833 3652 ἔθεσιν.

514 3715 583 3780 Iota
597 3713 763 3800 excipiunt
778 3735 818 3776 ee
832 3735 916 3798 quoe
930 3713 1018 3800 apud
1034 3711 1219 3780 Gedrenum
1234 3714 1343 3778 statim
1356 3723 1433 3800 post
1446 3715 1579 3799 ι’πίιημσν
1592 3713 1950 3804 ἀγουσι“Ρωμα”ιιιροεὶῖε
1964 3725 2048 3801 eunt,

410 3842 453 3908 ad
470 3841 638 3906 historiam
657 3839 698 3905 de
718 3839 849 3906 Simone
869 3861 966 3926 mogo
987 3850 1020 3906 et
1037 3839 1136 3906 Petro
1154 3841 1359 3927 pertinentia.
1400 3841 1434 3910 Ὁ
1451 3843 1543 3927 μίντα
1558 3844 1661 3926 Νέρων
1680 3843 1804 3918 ἀκοόσας
1822 3841 1866 3911 ὅτι
1883 3844 2050 3930 πεφόνενται

410 3972 508 4053 Σίμων
520 3967 576 4036 ἀπὸ
585 3969 697 4051 Πέτρου
710 3965 758 4033 καί
772 3968 972 4052 ἀγανακτήσας
985 3969 1122 4035 ε’κελευσεν
1137 3968 1222 4036 αι’πόν
1235 3973 1444 4054 σταυρωθῆναι.
1460 3967 1516 4036 io&
1522 3969 1640 4054 Πίερος,
1655 3971 1857 4056 παρακνέἀεας
1870 3971 1919 4038 τόν
1927 3971 2049 4057 ἔπαρχον

410 4095 457 4161 ἵνα
469 4095 506 4179 με)
520 4093 620 4179 όρθιος
633 4099 788 4179 σταυρωθῇ
803 4093 842 4169 οἱς
856 4094 872 4162 ὁ
886 4093 985 4179 κόρας,
1000 4095 1075 4161 κατά
1089 4101 1211 4180 κεφαλίγς
1225 4095 1401 4181 ἐσταυρώθη,
1415 4095 1519 4171 καθάς
1531 4097 1646 4181 ἠξίωσεν
1660 4097 1804 4183 ἀιποῖλης
1811 4099 2049 4184 μετριοφροσόνης.

410 4223 481 4306 μετά
495 4223 529 4287 δι’
538 4247 568 4306 χε
582 4221 632 4305 τὴν
646 4223 758 4306 Πέτρου
771 4222 897 4307 τελευτὴν
911 4223 940 4288 ἔν
953 4227 995 4304 τῷ
1009 4225 1124 4308 δευτερρι
1138 4223 1191 4288 ἔτει
1206 4219 1313 4310 (1706.
1329 4245 1392 4288 om.
1406 4224 1466 4290 ε’ντ.
1475 4231 1499 4290 δ.
1508 4221 1543 4312 ἔ.)
1559 4223 1661 4298 καθείς
1674 4251 1757 4309 φησιν
1769 4225 1913 4311 Εόσεβιος,
1932 4231 2050 4301 Παῦλος

411 4349 427 4416 ὁ
442 4349 600 4422 ἀπόστολος
613 4349 689 4415 κατά
702 4347 751 4433 μὲν
764 4348 814 4435 τὴν
827 4348 941 4434 πρώτην
955 4349 1109 4434 ἀπολογίαν
1123 4351 1217 4416 ε’λθοέν
1231 4351 1290 4420 ἀπὸ
1304 4357 1354 4436 τῆς
1360 4352 1497 4425 Ἰουδαίας
1511 4353 1619 4436 δι’σμιος
1629 4351 1678 4418 καί
1687 4353 1931 4440 ἀπολογησάμενος
1936 4356 2050 4438 Νίρωνι

411 4474 456 4542 ε’πέ
476 4475 525 4560 τὴν
544 4478 686 4544 διωιονίαν
703 4481 753 4542 τοῦ
770 4477 942 4562 κηρύγματος
961 4477 1062 4561 ἐστάλη
1082 4473 1189 4562 (1706.
1210 4474 1378 4565 ἀπεστάλη).
1399 4478 1554 4546 κάντεῦθεν
1571 4478 1612 4554 oie
1631 4480 1716 4546 ἔναιεν
1733 4479 1787 4555 τάς
1804 4485 1861 4546 τάν
1884 4481 2050 4548 ἀποστόλων

411 4603 525 4685 πράξεις
539 4603 580 4668 ἐπ’
597 4603 699 4669 ἐκεῖνον
713 4603 762 4671 τόν
774 4603 873 4688 χρόνον
887 4609 1005 4678 Λουκᾶς
1017 4604 1198 4690 περιεγραψε,
1212 4605 1304 4690 με’χρις
1316 4602 1363 4672 ὅτε
1379 4602 1485 4690 (1706.
1501 4601 1581 4694 ότου)
1597 4612 1680 4691 συνῆν
1693 4613 1735 4688 τῷ
1746 4607 1868 4688 Παόλφ·
1888 4609 1956 4674 καθ’
1973 4607 2006 4676 όν
2020 4606 2050 4674 δὲ

411 4729 508 4813 καιρόν
526 4729 721 4814 ἔμαρτόρησεν,
743 4729 776 4796 οό
790 4735 936 4816 συμπαρῆν
951 4731 1036 4812 αότῷ,
1058 4736 1108 4798 τοῦ
1122 4731 1280 4800 ἀποστόλου
1293 4737 1395 4818 σαφῶς
1408 4731 1456 4798 καλ
1470 4739 1552 4800 voire
1568 4728 1675 4819 (1706.
1690 4762 1714 4799 κ
1729 4761 1753 4800 τ.
1768 4731 1852 4820 σαφ.)
1867 4737 1994 4820 λε’γοντος
2007 4731 2050 4802 ότι

411 4857 499 4930 οόδείς
515 4883 561 4940 μοι
579 4855 608 4920 ἔν
625 4860 659 4940 τῇ
677 4853 774 4940 προίτη
791 4884 844 4940 μου
862 4857 1000 4943 ἀπολογίᾳ
1018 4859 1249 4943 συμπαρεγίνετο,
1271 4859 1346 4926 ἀλλά
1363 4859 1468 4934 πάντες
1485 4886 1519 4944 με
1538 4860 1728 4945 ἔγκατελειπον
1747 4857 1853 4946 (1706.
1868 4859 1990 4948 -λιπον)·
2011 4861 2049 4947 μὴ

411 4983 507 5057 αὐτοῖς
519 4985 669 5066 λογισθείη.
690 4982 723 5066 ἣν
738 4979 982 5069 (corrigendum
996 4985 1125 5050 videtur
1140 4993 1176 5050 ut
1195 4985 1282 5073 opud
1298 4984 1483 5053 (λεὼ-εοεαε
1503 4985 1625 5052 editum
1641 4997 1691 5053 oet
1709 4989 1771 5072 τήν,
1795 4997 1851 5054 aut
1868 4988 1932 5054 aiio
1951 4989 2048 5055 modo

410 5109 502 5174 loeus
519 5109 683 5174 sanandus
699 5105 762 5196 est)
779 5109 811 5195 δὴ
825 5111 896 5194 πρὸς
907 5112 1048 5195 Τιμόθεον
1062 5114 1190 5197 δαπεραν
1204 5113 1349 5197 ἔπιστολίχν
1363 5121 1472 5198 δεσμοῖς
1485 5113 1667 5199 κατεχόμενος
1681 5116 1816 5200 ἔγραψεν,
1832 5115 1901 5201 ὁμοῦ
1909 5121 2050 5202 σημαίνων

412 5238 460 5320 τήν
474 5264 504 5302 τε
518 5237 656 5321 προτέραν
671 5237 747 5317 mito}
761 5238 903 5321 γενομένην
918 5239 1071 5323 ἀπολογίαν
1084 5240 1293 5324 πράςΝερωνα,
1308 5239 1342 5307 ὃν
1354 5238 1402 5306 καί
1415 5242 1514 5308 λεόντα
1528 5241 1575 5308 διά
1589 5242 1622 5308 τὸ
1638 5243 1838 5328 ἀπάνθρωπον
1851 5241 1899 5310 καί
1912 5249 2050 5330 θηριῶδες

514 5424 532 5486 ¹)
545 5417 689 5475 Nonnulla
701 5436 774 5491 quoe
787 5418 844 5474 huo
856 5425 987 5490 spectent
998 5421 1060 5476 vide
1072 5422 1146 5492 apud
1160 5421 1558 5494 SoorethieteooLV,XXII.
1577 5423 1634 5482 Sed
1646 5443 1703 5481 non
1716 5442 1750 5482 ex
1762 5443 1819 5483 uno
1833 5431 1911 5484 certo
1924 5425 2049 5485 Socratis

411 5503 476 5559 looo
488 5503 560 5560 haee
572 5503 666 5560 omnio
679 5505 820 5574 exscripto
832 5512 906 5561 aunt.

1698 5635 1746 5684 1³*
