5284 6620
617 721 678 787 122

615 925 706 1007 rixis,
722 923 863 1008 invidiis,
879 922 973 1008 odiis,
988 921 1276 1010 indignationibus,
1290 923 1358 998 iris,
1372 921 1655 1007 incantationibus,
1670 921 1799 1009 magiis,
1813 919 2056 1010 pollutionibus,
2071 929 2155 1004 astu,
2170 921 2256 986 frau-

616 1050 725 1133 dibus,
743 1051 909 1137 superbia,
924 1051 1113 1116 iuramentis
1124 1050 1230 1132 salsis,
1244 1049 1499 1138 impuritatibus,
1511 1049 1794 1134 fornicationibus,
1809 1049 1953 1133 astutiis,
1973 1048 2069 1114 ethis
2086 1045 2254 1130 similibus,

617 1199 700 1264 quae
722 1187 798 1243 sunt
817 1177 925 1265 laquei
947 1176 1082 1260 diaboli,
1105 1177 1222 1264 quibus
1243 1175 1416 1242 insidiatur
1436 1175 1577 1242 humano
1600 1177 1713 1260 generi
1733 1185 1770 1242 ut
1787 1175 1868 1242 illud
1885 1175 2003 1263 perdat
2021 1183 2055 1240 et
2073 1175 2254 1261 dispergat:

617 1327 699 1390 euge
715 1329 789 1371 cum
802 1305 943 1370 vidimus
963 1327 1027 1390 qua
1040 1305 1166 1370 ratione
1184 1327 1243 1369 rex
1259 1302 1409 1369 Christus
1428 1301 1549 1368 bellum
1567 1305 1671 1389 gessit
1689 1325 1763 1368 cum
1781 1325 1834 1388 eo,
1856 1303 1961 1370 donec
1980 1303 2136 1390 eripuerit
2154 1299 2196 1367 ab
2216 1323 2254 1366 eo

616 1432 741 1497 animas
753 1441 785 1497 et
796 1433 910 1497 lecerit
919 1431 1049 1498 liberas.
1071 1431 1269 1518 Incipiamus
1281 1453 1366 1495 nunc
1374 1439 1546 1517 penetrare
1554 1431 1748 1516 inmagnum
1759 1429 1946 1496 thesaurum
1953 1429 2086 1516 plenum
2093 1429 2256 1494 fructuum

614 1559 710 1641 vitae,
726 1559 781 1644 qui
796 1568 846 1623 est
860 1580 1014 1644 magnum
1028 1560 1218 1644 mysterium
1233 1567 1380 1624 sanctum
1394 1555 1475 1640 ligni
1489 1557 1609 1640 crucis,
1624 1559 1658 1622 in
1674 1556 1761 1643 quod
1776 1579 1850 1622 cum
1864 1579 1975 1623 amore
1989 1555 2160 1622 adscendit
2174 1553 2255 1620 deus

615 1707 712 1750 verus
728 1684 750 1750 J
751 1707 826 1750 esus
842 1684 1001 1754 Christus.
1038 1684 1148 1766 Quum
1161 1684 1330 1750 descendit
1343 1686 1377 1748 in
1391 1683 1478 1748 hunc
1492 1685 1661 1767 mundum,
1680 1685 1770 1750 venit
1784 1682 1827 1750 ad
1840 1682 1996 1772 populum
2010 1681 2114 1748 lsrael
2127 1680 2255 1769 praedi-

617 1814 766 1899 cavitque
793 1813 823 1876 ei
846 1812 956 1878 dicens
979 1812 1207 1894 Poenitemini,
1228 1811 1501 1898 appropinquavit
1524 1811 1608 1875 enim
1627 1833 1764 1896 regnum
1783 1820 1960 1876 aeternum.
2001 1809 2071 1897 Ipsi
2089 1829 2169 1874 vero
2189 1829 2254 1872 non

616 1938 822 2006 attenderunt
837 1941 906 2004 eius
923 1938 1066 2004 consiliis
1083 1939 1214 2004 sanctis.
1248 1938 1330 2002 Post
1344 1937 1425 2002 haec
1439 1937 1517 2002 fecit
1531 1939 1666 2003 virtutes
1683 1959 1795 2003 omnes
1812 1961 1890 2002 suae
1906 1937 2083 2002 divinitatis
2098 1937 2133 2000 in
2147 1934 2254 1999 medio

616 2089 728 2132 eorum
742 2063 1003 2148 innumerabiles,
1019 2087 1135 2130 caecos
1150 2064 1263 2130 videre
1279 2065 1365 2147 fecit,
1381 2062 1515 2128 claudos
1531 2061 1711 2146 ambulare,
1728 2063 1844 2129 surdos
1860 2064 1986 2146 audire,
2001 2063 2149 2150 leprosos
2164 2085 2254 2126 mun·

615 2193 713 2274 davit,
728 2202 873 2258 mortuos
887 2193 1102 2274 resuscitavit,
1119 2191 1294 2257 daemones
1305 2193 1409 2274 eiecit,
1421 2189 1615 2278 paralyticos
1627 2190 1770 2256 reddidit
1780 2191 1903 2274 firmos,
1914 2200 2051 2278 peccata
2061 2191 2108 2254 eis
2120 2188 2254 2270 remisit,

614 2318 806 2406 publicanos
822 2319 864 2385 ad
878 2319 1109 2405 poenitentiam
1124 2318 1273 2400 adduxit,
1288 2339 1404 2382 manus
1419 2318 1525 2382 siccas
1541 2317 1699 2400 extendit,
1714 2341 1875 2405 pauperes
1892 2317 2143 2404 evangelizavit,
2165 2313 2254 2382 adul-

613 2448 692 2512 teris
707 2455 843 2533 peccata
857 2446 983 2510 remisit
998 2467 1117 2532 easque
1131 2445 1317 2532 purificavit
1331 2467 1391 2509 sua
1406 2444 1573 2509 divinitate
1588 2454 1621 2508 et
1635 2445 1742 2510 effecit
1756 2445 1803 2509 uti
1818 2444 1971 2530 virgines.
2001 2445 2085 2510 Nam
2103 2453 2140 2509 ut
2155 2443 2254 2508 forni-

615 2574 735 2638 cariam
754 2571 842 2637 illam
861 2571 1028 2636 mulierem
1049 2571 1180 2657 dignam
1199 2571 1342 2636 reddidit
1359 2594 1498 2658 magnae
1516 2571 1611 2636 huius
1631 2573 1755 2658 gratiae
1775 2571 1863 2658 quod
1881 2595 1996 2636 manus
2012 2573 2082 2637 eins
2096 2583 2255 2655 ungerent

613 2699 715 2786 pedes
736 2701 787 2764 sui
802 2700 971 2782 creatoris,
997 2699 1106 2764 statim
1120 2697 1177 2763 illa
1189 2699 1353 2785 particeps
1369 2698 1430 2764 fuit
1443 2699 1593 2785 puritatis
1610 2696 1787 2764 divinitatis
1802 2700 1886 2783 eius,
1910 2701 2019 2764 statim
2033 2720 2100 2764 vox
2115 2697 2169 2763 dei
2182 2719 2253 2784 per·

614 2828 704 2892 venit
723 2825 766 2892 ad
785 2849 856 2891 eam
875 2824 976 2890 Fides
995 2835 1101 2891 tuate
1122 2823 1246 2890 salvam
1265 2826 1355 2908 fecit,
1376 2825 1461 2890 vade
1480 2826 1514 2889 in
1533 2848 1624 2912 pace.
1660 2824 1743 2890 Post
1760 2825 1841 2890 haec
1856 2827 1965 2892 omnia
1978 2825 2019 2891 ab
2034 2827 2107 2913 ipso
2119 2824 2207 2890 facta
2220 2824 2254 2887 in

614 2953 722 3019 medio
738 2975 850 3018 eorum
865 2975 931 3018 non
943 2951 1150 3018 crediderunt
1162 2954 1201 3036 ei,
1217 2950 1276 3018 sed
1288 2973 1362 3017 eum
1373 2951 1688 3039 comprehenderunt
1699 2961 1731 3018 et
1741 2952 1943 3018 tradiderunt
1953 2963 1990 3017 ut
2001 2952 2253 3037 crucifigeretur.

615 3080 723 3162 Quum
742 3102 821 3145 vero
839 3080 1043 3144 introductus
1063 3079 1180 3145 fuisset
1199 3081 1232 3144 in
1255 3078 1362 3146 aulam
1382 3079 1559 3166 pontificis,
1582 3079 1776 3146 contumelia
1796 3103 1856 3166 pro
1878 3078 2055 3145 honoribus
2078 3079 2256 3144 affecerunt

614 3230 696 3272 eum.
734 3207 827 3272 Tunc
842 3207 1004 3294 scriptura
1017 3205 1150 3293 impleta
1165 3215 1215 3272 est
1230 3205 1342 3270 dicens
1366 3204 1610 3272 Constituerunt
1623 3205 1714 3282 mala¹
1727 3206 1806 3271 mihi
1824 3229 1885 3294 pro
1907 3207 2016 3290 bonis,
2038 3217 2071 3271 et
2084 3206 2160 3271 odio
2179 3227 2253 3292 pro·

615 3335 718 3400 secuti
738 3343 813 3398 sunt
830 3356 890 3420 pro
911 3355 1021 3398 amore
1040 3355 1123 3399 meo.
1161 3331 1292 3414 Quanta
1311 3345 1386 3397 sunt
1403 3333 1490 3398 mala
1505 3356 1586 3420 quae
1602 3336 1741 3398 creatori
1756 3357 1814 3399 suo
1830 3335 1908 3399 fecit
1921 3333 2062 3421 populus
2077 3332 2253 3398 homicida:

613 3460 770 3528 terribilia
785 3469 861 3524 sunt
875 3459 964 3525 dictu
979 3472 1011 3524 et
1026 3451 1166 3544 cr'editu3
1189 3459 1301 3546 lingna
1314 3481 1388 3524 mea
1401 3461 1523 3543 tremit,
1549 3459 1661 3526 oculus
1677 3483 1767 3525 meus
1783 3459 1932 3526 lacrimas
1949 3461 2097 3544 effundit,
2122 3461 2254 3547 spiritus

614 3610 705 3653 meus
725 3587 839 3674 gemit,
859 3588 967 3651 anima
985 3611 1059 3652 mea
1072 3587 1221 3653 turbatur
1235 3589 1269 3652 in
1283 3589 1324 3652 iis
1340 3587 1498 3652 dicendis.
1526 3587 1635 3652 Deum
1650 3587 1976 3674 comprehenderunt,
1996 3587 2161 3653 dominnm
2176 3587 2255 3672 liga-

612 3723 742 3798 verunt,
765 3735 875 3799 regem
899 3713 1023 3799 gloriae
1045 3715 1135 3779 cruci
1156 3715 1341 3796 affixerunt,
1365 3715 1479 3780 Jesum
1506 3712 1672 3780 Christum
1692 3713 1888 3800 ligaverunt,
1915 3715 2015 3780 clavis
2041 3715 2256 3781 confoderunt

613 3865 728 3908 manus
744 3843 901 3906 creatoris
918 3841 980 3923 sui,
999 3852 1231 3928 percusserunt
1246 3841 1348 3928 alapis
1364 3843 1482 3908 faciem
1498 3841 1619 3906 domini
1635 3843 1698 3926 sui,
1718 3843 1837 3929 pugnis
1854 3842 2041 3908 ceciderunt
2059 3853 2157 3928 caput
2175 3843 2255 3924 eius,

614 3991 768 4036 coronam
788 3969 934 4054 spineam
948 3977 1129 4054 posuerunt
1144 3991 1242 4055 super
1257 3979 1355 4056 caput
1370 3971 1453 4052 eins,
1469 3969 1643 4034 induerunt
1657 3991 1731 4034 eum
1745 3967 1892 4056 clamyde
1906 3991 2082 4056 purpurea,
2097 3968 2257 4035 dederunt

615 4098 645 4162 ei
659 4095 771 4162 bibere
790 4103 918 4160 acetum
938 4104 970 4160 st
989 4093 1041 4160 fel.
1071 4095 1164 4160 Haec
1184 4097 1293 4160 omnia
1310 4097 1374 4182 ipsi
1393 4097 1550 4162 fecerunt.
1581 4094 1665 4160 Cum
1683 4119 1723 4161 eo
1746 4096 1977 4161 crucifixerunt
1998 4096 2080 4162 duos
2102 4095 2255 4180 latrones,

615 4245 750 4310 quorum
766 4221 848 4286 alter
862 4231 933 4287 erat
946 4222 1099 4307 indignus
1114 4223 1375 4288 manifestatione
1388 4221 1565 4288 divinitatis
1578 4225 1663 4308 eius;
1679 4223 1775 4288 deum
1791 4222 1950 4289 allocutus
1967 4233 2017 4288 est
2029 4225 2255 4312 improperans

614 4373 689 4416 eum
708 4349 744 4416 Si
761 4357 798 4413 tu
816 4371 851 4413 es
869 4347 1035 4432 Christus,
1058 4348 1150 4414 salva
1169 4359 1201 4414 te
1217 4359 1249 4414 et
1263 4372 1333 4414 nos.
1363 4347 1456 4415 Alter
1470 4351 1535 4436 ipsi
1548 4349 1718 4438 respondit
1734 4349 1909 4436 obiurgans
1926 4373 1999 4416 eum
2013 4351 2169 4417 iracunde
2183 4353 2256 4416 Non

613 4477 708 4541 times
724 4473 911 4540 dominum?
934 4474 1123 4562 Accipimus
1139 4498 1199 4541 nos
1216 4476 1303 4562 quod
1318 4476 1452 4561 dignum
1467 4487 1517 4542 est
1530 4478 1674 4564 peccatis
1690 4479 1811 4543 nostris
1827 4500 1909 4564 quac
1922 4479 2069 4562 fecimus,
2083 4477 2138 4543 hic
2149 4489 2257 4544 autem

614 4601 737 4668 nullum
752 4601 883 4667 admisit
898 4611 1077 4689 peccatum.
1104 4603 1149 4668 Et
1160 4601 1243 4667 dixit
1253 4603 1275 4669 J
1277 4626 1336 4668 esu
1349 4603 1512 4669 Memento
1523 4605 1587 4669 mei
1599 4605 1728 4692 quando
1744 4606 1807 4671 eris
1822 4605 1857 4670 in
1871 4627 1972 4690 regno
1987 4615 2054 4670 tuo.
2076 4605 2257 4693 Respondit

615 4731 645 4795 ei
659 4730 682 4796 J
683 4751 758 4795 esus
780 4751 854 4794 cum
874 4750 994 4814 magna
1011 4727 1134 4796 laetitia
1148 4728 1253 4795 Amen
1269 4753 1363 4796 amen
1379 4730 1451 4796 dico
1467 4729 1538 4814 tibi,
1562 4731 1659 4797 hodie
1677 4755 1805 4798 mecum
1824 4733 1888 4797 eris
1907 4733 1942 4796 in
1959 4732 2122 4820 paradiso.
2156 4732 2257 4800 Porta

613 4856 758 4944 paradisi
773 4854 885 4921 clausa
899 4879 919 4921 a
932 4863 1079 4943 temporo
1094 4879 1157 4944 qno
1172 4855 1279 4923 Adam
1294 4859 1458 4944 peccavit3
1482 4859 1539 4924 sed
1555 4861 1700 4946 aperiam
1713 4857 1801 4923 illam
1816 4859 1926 4943 bodie,
1948 4859 2152 4926 introducam
2170 4871 2203 4926 te
2222 4864 2256 4926 in

614 5007 697 5066 eum,
714 4984 790 5070 quia
804 4983 968 5067 agnovisti
983 4983 1213 5050 sublimitatem
1229 4985 1345 5072 capitis
1356 4987 1421 5050 mei
1432 5009 1532 5073 supra
1543 5009 1682 5052 crucem.
1711 4985 1881 5074 Particeps
1892 5009 2020 5052 mecum
2031 4987 2122 5052 fuisti
2134 4986 2256 5053 doloris

615 5111 734 5193 erucis,
755 5111 920 5198 particeps
939 5133 1066 5177 mecum
1085 5113 1150 5177 eris
1171 5135 1244 5177 cum
1263 5112 1383 5198 gaudio
1402 5113 1496 5198 regni
1514 5115 1588 5178 mei.
1626 5112 1824 5180 Glorificasti
1842 5135 1894 5179 me
1914 5114 1948 5179 in
1963 5113 2070 5180 medio
2090 5113 2257 5182 hominum

614 5236 791 5302 carnalium
812 5247 1037 5324 peccatorum:
1064 5261 1126 5325 ego
1146 5241 1243 5305 etiam
1262 5249 1294 5304 te
1313 5239 1503 5325 glorificabo
1522 5241 1556 5305 in
1575 5239 1682 5306 medio
1701 5240 1901 5327 angelorum.
1943 5241 2050 5306 Fuisti
2073 5241 2255 5310 adhaerens

614 5363 693 5429 mihi
708 5387 808 5452 supra
822 5387 965 5450 crucem,
988 5365 1168 5432 adhaerens
1184 5365 1263 5432 mihi
1277 5367 1311 5432 in
1325 5376 1382 5432 tua
1394 5367 1562 5434 voluntate
1577 5368 1700 5434 cordis:
1724 5389 1785 5453 ego
1802 5369 1899 5433 etiam
1913 5377 1945 5432 te
1960 5366 2091 5452 amabo,
2113 5379 2146 5435 et
2163 5381 2257 5457 pater

613 5513 704 5557 meus
724 5490 847 5556 amabit
865 5501 911 5571 te,
937 5501 970 5557 et
988 5492 1095 5579 angeli
1114 5491 1174 5558 tibi
1192 5493 1422 5562 ministrabunt
1439 5496 1472 5560 in
1493 5505 1606 5562 sancta
1628 5518 1739 5562 coena.
1776 5495 1883 5560 Fuisti
1904 5503 2001 5560 antea
2021 5495 2256 5564 homicidarum
