5284 6620
613 727 652 792 76

696 931 899 999 celeberrimi
913 931 1032 1028 medici
1048 929 1249 1020 Clot-Bey,
1264 931 1408 1019 reliquos
1423 932 1487 998 duo
1505 931 1576 1013 (ΠΙ.
1585 928 1658 1018 IV.)
1674 933 1745 998 viro
1761 931 1859 998 docto
1870 931 2061 998 Monacensi
2074 932 2172 998 Roth
2196 1007 2199 1014 Δ

695 1060 775 1145 filio,
798 1082 894 1147 quem
913 1067 1041 1126 constat
1054 1059 1106 1124 bis
1129 1061 1192 1125 iter
1211 1061 1244 1124 in
1262 1057 1472 1147 Abyssiniam
1490 1060 1619 1125 fecisse.
1651 1058 1803 1147 Quinque
1820 1059 2037 1126 bibliothecae
2050 1059 2173 1145 Regiae

695 1187 892 1271 Drasdensi,
906 1197 974 1253 tres
989 1186 1206 1253 bibliothecae
1221 1189 1440 1253 universitatis
1455 1185 1639 1274 Lipsiensis
1654 1187 1785 1253 tradidi.

716 1316 742 1380 Ι.
767 1313 882 1381 Codex
900 1315 1157 1403 Abyssinicus
1177 1314 1444 1380 membranaceus
1460 1314 1613 1380 foliorum
1636 1315 1723 1380 circa
1737 1315 1801 1380 200
1815 1316 1940 1380 formae
1960 1325 2094 1400 quartae
2113 1316 2255 1396 maioris,

612 1445 691 1510 satis
706 1445 857 1530 antiquus
871 1452 904 1508 et
917 1442 1082 1528 eleganter
1098 1443 1253 1530 scriptus,
1274 1441 1491 1508 bibliothecae
1505 1441 1628 1527 Regiae
1647 1441 1866 1506 Drasdensi
1881 1465 1901 1507 a
1915 1465 1967 1506 me
1982 1442 2130 1508 traditus.
2171 1440 2257 1507 Con-

610 1573 691 1637 tinet
711 1571 811 1636 vitam
831 1579 962 1635 sanctae
980 1568 1143 1636 Walattae
1164 1567 1197 1655 (i.
1214 1593 1241 1634 e.
1258 1567 1358 1655 filiae)
1378 1569 1468 1634 Petri
1491 1579 1523 1634 et
1545 1591 1627 1655 quae
1650 1569 1779 1635 virtutis
1804 1570 1959 1636 exercitia
1981 1567 2147 1652 sustinuit,
2169 1570 2256 1650 item,

611 1721 694 1785 quae
714 1699 889 1785 separatim
907 1705 1093 1780 narrantur,
1117 1696 1263 1762 eiusdem
1284 1698 1422 1782 virginis
1444 1695 1611 1762 miracula.
1649 1697 1836 1784 Sequuntur
1857 1696 2049 1762 traditiones
2073 1695 2113 1760 de
2137 1697 2257 1761 sanctis

611 1825 790 1892 duumviris
812 1823 951 1912 Cyriaeo
970 1832 1003 1888 et
1019 1822 1179 1890 iohanne.
1219 1823 1370 1910 Denique
1392 1823 1472 1890 folia
1493 1824 1655 1890 adduntur
1675 1825 1810 1910 triginta
1831 1834 1983 1911 quattuor
2005 1833 2142 1910 utraque
2164 1833 2256 1910 parte

610 1955 755 2040 picturas
771 1951 971 2034 exhibentia,
988 1949 1105 2037 quibus
1120 1949 1277 2016 miracula
1284 1950 1447 2016 Walattac
1458 1951 1549 2016 Petri
1559 1960 1855 2038 repraesentantur.
1884 1951 1954 2016 Has
1966 1952 2111 2039 picturas
2122 1973 2257 2038 quarum

611 2105 676 2146 una
692 2101 838 2167 quaeque
853 2079 1064 2165 inscriptione
1078 2076 1267 2162 illustratur,
1283 2080 1466 2144 accuratius
1481 2101 1580 2144 nosse
1595 2077 1721 2144 iuvabit
1735 2079 1814 2144 artis
1830 2080 1979 2144 scientes.

716 2207 759 2272 Π.
803 2205 918 2271 Codex
947 2203 1205 2292 Abyssinicus
1236 2205 1503 2271 membranaceus
1530 2204 1684 2271 foliorum
1710 2207 1772 2270 162
1797 2207 1920 2272 formae
1947 2215 2081 2292 quartae
2112 2206 2256 2288 minoris,

609 2334 825 2401 bibliothecae
840 2333 1061 2398 universitatis
1075 2332 1259 2419 Lipsiensis
1276 2356 1296 2397 a
1310 2355 1361 2397 me
1376 2333 1524 2398 traditus.
1558 2331 1705 2420 Scriptus
1722 2343 1773 2397 est
1788 2333 1831 2398 ad
1845 2357 1940 2398 usum
1957 2332 2154 2419 liturgicum.
2187 2333 2256 2397 Pri-

611 2486 698 2528 mum
713 2461 826 2526 laudes
841 2460 992 2545 leguntur
1002 2459 1261 2546 patriarcharum
1275 2458 1463 2544 Abrahami,
1478 2461 1595 2544 Issaei,
1610 2459 1729 2525 Jacobi
1744 2469 1776 2525 et
1791 2461 1895 2525 sancti
1910 2458 2054 2546 Georgii.
2085 2461 2155 2524 Has
2171 2461 2257 2524 exci-

610 2591 704 2677 piunt
718 2591 938 2674 maioremque
953 2585 1028 2651 libri
1041 2595 1169 2673 partem
1184 2587 1326 2652 efficiunt
1340 2586 1453 2652 laudes
1472 2598 1604 2653 sanctae
1623 2588 1790 2668 trinitatis,
1814 2586 1896 2652 Jesu
1914 2587 2076 2671 crucifixi,
2099 2585 2256 2652 ecclesiae

612 2715 829 2798 Christianae,
848 2713 1094 2803 prophetarum,
1115 2713 1350 2800 apostolorum,
1372 2723 1564 2802 martyrum,
1586 2715 1755 2780 iustorum.
1797 2714 1949 2800 Denique
1964 2714 2121 2780 lectiones
2137 2716 2170 2778 in
2186 2713 2256 2780 dics

610 2846 713 2910 festos
727 2843 950 2931 praescriptae
966 2851 998 2905 et
1011 2842 1216 2927 precationes
1233 2841 1368 2928 singulis
1385 2843 1461 2907 anni
1482 2841 1696 2908 ecelesiastici
1715 2839 1883 2906 mensibus
1903 2841 2083 2908 destinatae
2103 2841 2256 2906 exhiben-

610 2982 671 3036 tur.
711 2969 777 3035 Sed
792 2969 946 3034 adfinem
960 2966 1035 3032 libri
1049 2966 1195 3032 nonnihil
1211 2967 1327 3033 deesse
1341 2967 1480 3033 videtur.

714 3097 774 3162 ΠΙ.
800 3095 916 3162 Codex
929 3094 1187 3182 Abyseinicus
1204 3095 1471 3161 membranaceus
1487 3097 1640 3161 foliorum
1654 3095 1697 3160 80
1711 3097 1835 3161 formae
1851 3105 1985 3182 quartae
2001 3097 2149 3178 minoris,
2172 3119 2257 3160 nunc

609 3224 825 3290 bibliothecae
832 3224 954 3309 Regiae
969 3222 1214 3287 Drcsdcnsis.
1244 3219 1397 3288 Continet
1411 3223 1567 3289 lectiones
1582 3221 1719 3288 biblicae
1730 3223 1931 3288 Testamenti
1945 3223 2123 3309 utriusque,
2139 3222 2256 3288 additis

610 3351 761 3418 laudibus
776 3351 900 3416 Mariae
916 3363 948 3414 ct
961 3349 1052 3416 Jesu.

715 3479 771 3544 IV.
805 3476 919 3543 Codex
937 3475 1195 3564 Abyssinicus
1216 3477 1483 3544 membranaceus
1503 3477 1655 3543 foliorum
1679 3478 1734 3561 91,
1757 3501 1843 3542 nunc
1862 3476 2079 3543 bibliothecae
2098 3478 2256 3543 universi-

609 3608 685 3672 tatis
700 3606 892 3693 Lipsiensis.
930 3604 1075 3690 Scriptus
1093 3613 1143 3670 est
1156 3602 1359 3670 Amharice
1375 3607 1445 3670 sive
1466 3604 1605 3670 dialecto
1620 3603 1820 3692 Abyeeiniae
1838 3605 1975 3691 vulgari.
2015 3603 2182 3689 Continet,
2203 3605 2257 3691 qui

609 3733 720 3800 titulus
735 3734 857 3820 pagina
871 3733 983 3818 quinta
996 3729 1128 3817 legitur,
1145 3730 1328 3818 Terguame
1343 3731 1452 3817 Fidel,
1468 3733 1489 3796 i.
1505 3755 1533 3797 e.
1549 3733 1786 3819 expositionem
1801 3731 1974 3819 alphabeti.

715 3861 754 3926 V.
777 3860 839 3925 Est
852 3857 1005 3924 volumen
1020 3859 1107 3945 quod
1121 3860 1252 3946 proprie
1268 3858 1360 3942 dicis,
1370 3857 1602 3948 Abyssinicum
1617 3857 1869 3942 membraneum,
1884 3858 2121 3945 longitudinem
2132 3858 2256 3925 habens

610 3987 793 4054 cubitorum
804 3989 955 4073 quinque,
971 3984 1172 4050 altitudinem
1188 3984 1288 4050 cubiti
1299 3987 1367 4050 fere
1379 3985 1512 4051 dimidii:
1535 3986 1692 4052 Servatur
1702 3989 1736 4051 in
1747 3985 1946 4053 bibliotheca
1953 3988 2055 4073 Regia
2063 3986 2256 4053 Dresdensi.

610 4113 742 4179 Summo
756 4113 830 4178 loco
846 4115 952 4199 pietus
969 4123 1020 4178 est
1034 4112 1184 4197 angelus,
1199 4114 1372 4178 immanem
1387 4113 1441 4180 ille
1458 4114 1587 4200 quidem
1602 4115 1636 4179 in
1650 4113 1795 4198 modum,
1816 4113 1997 4180 iacentibus
2013 4113 2055 4179 ad
2068 4114 2171 4201 pedes
2187 4115 2256 4180 eius

609 4243 708 4306 variis
728 4240 841 4326 liguris
861 4239 1041 4304 diabolicis.
1080 4239 1185 4320 Quam
1202 4241 1362 4327 picturam
1376 4263 1492 4327 preces
1508 4242 1674 4328 excipiunt
1688 4241 1730 4306 ad
1744 4241 1869 4307 Fanucl
1885 4240 2037 4326 angelum
2053 4240 2256 4307 diabolorum

610 4375 796 4432 exactorem
815 4376 848 4430 et
861 4364 1053 4432 Michaelcm
1072 4365 1301 4452 archangelum
1321 4367 1436 4432 factae.
1474 4366 1594 4433 Totum
1615 4368 1768 4433 volumen
1791 4381 1891 4454 quem'
1906 4391 2000 4432 usum
2019 4367 2170 4434 habuerit
2192 4391 2256 4432 non

610 4505 659 4560 est
674 4493 822 4560 dubium:
839 4491 970 4558 amuleti
986 4493 1071 4557 enim
1086 4503 1235 4558 naturam
1252 4491 1419 4559 obtinebat
1434 4493 1586 4559 destinati
1601 4494 1758 4560 adversus
1775 4494 1878 4560 malos
1896 4497 2039 4582 spiritus.

714 4620 769 4686 Vl.
781 4619 854 4686 VII.
877 4619 954 4684 Duo
971 4620 1100 4685 codices
1114 4617 1275 4684 Arabici
1290 4620 1477 4686 Drusiani
1491 4619 1679 4709 bombycini
1694 4621 1846 4687 foliorum
1858 4623 1927 4687 fere
1939 4632 2068 4687 centurn
2079 4623 2255 4704 for-maen,

608 4773 745 4837 quorum
766 4747 848 4813 alter
865 4770 1001 4834 prorsus
1023 4747 1111 4812 idem
1131 4769 1205 4811 cum
1224 4745 1325 4811 altero
1347 4749 1503 4813 continet:
1527 4757 1726 4835 quapropter
1747 4749 1884 4814 alterum
1903 4748 2119 4815 bibliothecae
2133 4749 2255 4834 Regiae

607 4876 802 4958 Drasdensi,
825 4874 962 4940 alterum
976 4873 1194 4940 bibliothecae
1210 4874 1430 4939 universitatis
1446 4875 1628 4961 Lipsiensis
1643 4875 1773 4941 tradidi.
1805 4877 1887 4942 Sunt
1906 4879 2006 4942 exiis
2025 4875 2117 4941 libris
2138 4874 2254 4962 quibus

608 5005 792 5069 Drusorum
813 5001 927 5088 religio
947 5002 1098 5067 traditur:
1123 5023 1204 5088 quos
1224 4989 1398 5089 postquam
1418 5002 1475 5067 diu
1492 5003 1614 5068 frustra
1632 5003 1694 5067 viri
1713 5001 1801 5068 docti
1821 5025 2021 5088 cognoscere
2045 5003 2255 5090 cupivissent,

607 5131 670 5196 hoc
685 5129 815 5195 saeculo
829 5131 863 5194 in
877 5129 1046 5216 Europam
1060 5128 1236 5194 identidem
1251 5128 1383 5216 pertulit
1398 5152 1477 5194 cura
1492 5129 1771 5214 investigatorum.
1808 5129 1966 5196 Eiusdem
1986 5130 2060 5194 libri
2079 5153 2174 5217 quern
2194 5151 2255 5194 nos

609 5269 641 5322 et
659 5255 824 5322 Dresdam
844 5267 876 5320 et
895 5257 1043 5343 Lipsiam
1062 5255 1227 5320 attulimus
1246 5257 1446 5345 exemplaria
1464 5255 1529 5322 alia
1547 5267 1757 5323 asservantur
1771 5257 1908 5340 Rornae,
1930 5256 2079 5344 Leydae‚
2102 5257 2254 5338 Parisiis;

608 5385 747 5449 fortasse
760 5385 857 5448 etiarn
869 5381 955 5448 alibi.
981 5383 1033 5448 Ea
1044 5405 1126 5469 quae
1138 5385 1282 5448 continet
1294 5383 1424 5448 disertis
1437 5381 1545 5448 verbis
1558 5383 1733 5471 descripsit
1744 5384 1900 5450 Silvestre
1913 5383 1953 5447 de
1965 5381 2052 5469 Sacy
2062 5384 2094 5446 in
2106 5381 2190 5448 libro
2203 5383 2255 5447 cui

607 5509 734 5574 titulum
745 5511 837 5575 facit:
853 5509 986 5596 Expose
999 5510 1039 5575 de
1050 5509 1083 5574 la
1094 5509 1231 5596 religion
1248 5510 1305 5576 des
1315 5510 1456 5594 Druzes,
1470 5511 1581 5575 toml.
1592 5533 1667 5598 pag.
1678 5507 2253 5579 CCCCLXXI—CCCCLXXXII.
