<?xml version="1.0" encoding="UTF-8"?>
<!DOCTYPE html PUBLIC "-//W3C//DTD XHTML 1.0 Transitional//EN"
    "http://www.w3.org/TR/xhtml1/DTD/xhtml1-transitional.dtd">
<html xmlns="http://www.w3.org/1999/xhtml" xml:lang="en" lang="en">
 <head>
  <title>
</title>
<meta http-equiv="Content-Type" content="text/html;charset=utf-8" />
  <meta name='ocr-system' content='tesseract 3.04.00' />
  <meta name='ocr-capabilities' content='ocr_page ocr_carea ocr_par ocr_line ocrx_word'/>
</head>
<body>
  <div class='ocr_page' id='page_1' title='image "anecdotasacraet01tiscgoog_0036.png"; bbox 0 0 5244 6618; ppageno 0'>
   <div class='ocr_carea' id='block_1_1' title="bbox 958 753 1408 816">
    <p class='ocr_par' dir='ltr' id='par_1_1' title="bbox 958 753 1408 816">
     <span class='ocr_line' id='line_1_1' title="bbox 958 753 1408 816; baseline -0.004 0"><span class='ocrx_word' id='word_1_1' title='bbox 958 753 1137 816; x_wconf 80' lang='lat' dir='ltr'>CODICES</span> <span class='ocrx_word' id='word_1_2' title='bbox 1159 753 1408 816; x_wconf 79' lang='lat' dir='ltr'><strong>TALMUDIOI.</strong></span> 
     </span>
    </p>
   </div>
   <div class='ocr_carea' id='block_1_2' title="bbox 365 996 2008 1340">
    <p class='ocr_par' dir='ltr' id='par_1_2' title="bbox 365 996 2008 1340">
     <span class='ocr_line' id='line_1_2' title="bbox 1023 996 1354 1064; baseline 0 -2"><span class='ocrx_word' id='word_1_3' title='bbox 1023 996 1063 1062; x_wconf 83' lang='lat' dir='ltr'><strong>A.</strong></span> <span class='ocrx_word' id='word_1_4' title='bbox 1107 997 1354 1064; x_wconf 86' lang='lat' dir='ltr'><strong>Talmudici.</strong></span> 
     </span>
     <span class='ocr_line' id='line_1_3' title="bbox 474 1121 2008 1213; baseline 0.001 -23"><span class='ocrx_word' id='word_1_5' title='bbox 474 1123 506 1212; x_wconf 90' lang='lat'><strong>1)</strong></span> <span class='ocrx_word' id='word_1_6' title='bbox 531 1125 766 1213; x_wconf 71' lang='lat' dir='ltr'>compendium</span> <span class='ocrx_word' id='word_1_7' title='bbox 780 1125 864 1213; x_wconf 89' lang='lat' dir='ltr'><strong>juris</strong></span> <span class='ocrx_word' id='word_1_8' title='bbox 884 1125 1051 1192; x_wconf 89' lang='lat' dir='ltr'><strong>talmudici</strong></span> <span class='ocrx_word' id='word_1_9' title='bbox 1070 1133 1202 1190; x_wconf 89' lang='lat' dir='ltr'><strong>auctore</strong></span> <span class='ocrx_word' id='word_1_10' title='bbox 1219 1123 1337 1213; x_wconf 84' lang='lat' dir='ltr'><strong>Chajin</strong></span> <span class='ocrx_word' id='word_1_11' title='bbox 1351 1123 1416 1189; x_wconf 90' lang='lat' dir='ltr'><strong>ben</strong></span> <span class='ocrx_word' id='word_1_12' title='bbox 1431 1121 1562 1189; x_wconf 85' lang='lat' dir='ltr'><strong>Samuel</strong></span> <span class='ocrx_word' id='word_1_13' title='bbox 1576 1122 1761 1189; x_wconf 83' lang='lat' dir='ltr'><strong>Tudelensi.</strong></span> <span class='ocrx_word' id='word_1_14' title='bbox 1805 1125 2008 1192; x_wconf 89' lang='lat' dir='ltr'><strong>Provocatur</strong></span> 
     </span>
     <span class='ocr_line' id='line_1_4' title="bbox 365 1249 2008 1340; baseline -0.001 -20"><span class='ocrx_word' id='word_1_15' title='bbox 365 1257 400 1320; x_wconf 92' lang='lat' dir='ltr'><strong>in</strong></span> <span class='ocrx_word' id='word_1_16' title='bbox 414 1253 476 1320; x_wconf 89' lang='lat' dir='ltr'><strong>hcc</strong></span> <span class='ocrx_word' id='word_1_17' title='bbox 490 1253 573 1318; x_wconf 90' lang='lat' dir='ltr'><strong>libro</strong></span> <span class='ocrx_word' id='word_1_18' title='bbox 589 1251 720 1337; x_wconf 90' lang='lat' dir='ltr'><strong>inedito,</strong></span> <span class='ocrx_word' id='word_1_19' title='bbox 737 1254 792 1340; x_wconf 90' lang='lat' dir='ltr'><strong>qui</strong></span> <span class='ocrx_word' id='word_1_20' title='bbox 807 1254 937 1340; x_wconf 81' lang='lat' dir='ltr'>egregie</span> <span class='ocrx_word' id='word_1_21' title='bbox 952 1251 1031 1318; x_wconf 87' lang='lat' dir='ltr'><strong>facit</strong></span> <span class='ocrx_word' id='word_1_22' title='bbox 1046 1251 1088 1318; x_wconf 88' lang='lat' dir='ltr'><strong>ad</strong></span> <span class='ocrx_word' id='word_1_23' title='bbox 1101 1251 1328 1317; x_wconf 89' lang='lat' dir='ltr'><strong>illustrandum</strong></span> <span class='ocrx_word' id='word_1_24' title='bbox 1343 1251 1464 1317; x_wconf 70' lang='lat' dir='ltr'><strong>ccultum</strong></span> <span class='ocrx_word' id='word_1_25' title='bbox 1478 1249 1606 1315; x_wconf 91' lang='lat' dir='ltr'><strong>civilem</strong></span> <span class='ocrx_word' id='word_1_26' title='bbox 1621 1250 1742 1316; x_wconf 89' lang='lat' dir='ltr'><strong>saeculi</strong></span> <span class='ocrx_word' id='word_1_27' title='bbox 1749 1251 1852 1336; x_wconf 80' lang='lat' dir='ltr'><strong>XIH,</strong></span> <span class='ocrx_word' id='word_1_28' title='bbox 1868 1254 2008 1318; x_wconf 68' lang='lat' dir='ltr'><strong>maxime</strong></span> 
     </span>
    </p>
   </div>
   <div class='ocr_carea' id='block_1_3' title="bbox 364 1375 2007 1738">
    <p class='ocr_par' dir='ltr' id='par_1_3' title="bbox 364 1375 2007 1738">
     <span class='ocr_line' id='line_1_5' title="bbox 364 1375 2007 1472; baseline -0.002 -24"><span class='ocrx_word' id='word_1_29' title='bbox 364 1379 565 1448; x_wconf 86' lang='lat' dir='ltr'><strong>Judaeorum</strong></span> <span class='ocrx_word' id='word_1_30' title='bbox 583 1403 623 1448; x_wconf 90' lang='lat' dir='ltr'><strong>eo</strong></span> <span class='ocrx_word' id='word_1_31' title='bbox 645 1389 790 1472; x_wconf 88' lang='lat' dir='ltr'><strong>tempore</strong></span> <span class='ocrx_word' id='word_1_32' title='bbox 808 1381 842 1444; x_wconf 92' lang='lat' dir='ltr'><strong>in</strong></span> <span class='ocrx_word' id='word_1_33' title='bbox 857 1379 1017 1468; x_wconf 77' lang='lat' dir='ltr'><strong>Hispania</strong></span> <span class='ocrx_word' id='word_1_34' title='bbox 1032 1379 1232 1464; x_wconf 83' lang='lat' dir='ltr'><strong>degentium,</strong></span> <span class='ocrx_word' id='word_1_35' title='bbox 1252 1379 1295 1443; x_wconf 91' lang='lat' dir='ltr'><strong>ad</strong></span> <span class='ocrx_word' id='word_1_36' title='bbox 1309 1376 1483 1460; x_wconf 85' lang='lat' dir='ltr'><strong>Alfasium,</strong></span> <span class='ocrx_word' id='word_1_37' title='bbox 1503 1376 1729 1462; x_wconf 87' lang='lat' dir='ltr'><strong>Maimunium,</strong></span> <span class='ocrx_word' id='word_1_38' title='bbox 1748 1375 1832 1444; x_wconf 85' lang='lat' dir='ltr'><strong>Meir</strong></span> <span class='ocrx_word' id='word_1_39' title='bbox 1849 1379 2007 1462; x_wconf 85' lang='lat' dir='ltr'><strong>ha·Lewi,</strong></span> 
     </span>
     <span class='ocr_line' id='line_1_6' title="bbox 365 1502 2007 1591; baseline 0 -19"><span class='ocrx_word' id='word_1_40' title='bbox 365 1507 587 1574; x_wconf 87' lang='lat' dir='ltr'><strong>Abrahamum</strong></span> <span class='ocrx_word' id='word_1_41' title='bbox 606 1504 671 1571; x_wconf 87' lang='lat' dir='ltr'><strong>ben</strong></span> <span class='ocrx_word' id='word_1_42' title='bbox 689 1507 799 1572; x_wconf 86' lang='lat' dir='ltr'><strong>David</strong></span> <span class='ocrx_word' id='word_1_43' title='bbox 817 1508 870 1591; x_wconf 94' lang='grc' dir='ltr'><strong>Π.,</strong></span> <span class='ocrx_word' id='word_1_44' title='bbox 892 1505 1009 1572; x_wconf 85' lang='lat' dir='ltr'>Mosen</span> <span class='ocrx_word' id='word_1_45' title='bbox 1026 1505 1091 1571; x_wconf 93' lang='lat' dir='ltr'><strong>ben</strong></span> <span class='ocrx_word' id='word_1_46' title='bbox 1109 1505 1291 1590; x_wconf 88' lang='lat' dir='ltr'><strong>Nachman,</strong></span> <span class='ocrx_word' id='word_1_47' title='bbox 1317 1504 1523 1571; x_wconf 83' lang='lat' dir='ltr'>Salomonem</span> <span class='ocrx_word' id='word_1_48' title='bbox 1541 1503 1605 1570; x_wconf 91' lang='lat' dir='ltr'><strong>ben</strong></span> <span class='ocrx_word' id='word_1_49' title='bbox 1623 1502 1742 1588; x_wconf 87' lang='lat' dir='ltr'><strong>Adrat,</strong></span> <span class='ocrx_word' id='word_1_50' title='bbox 1764 1505 1848 1571; x_wconf 90' lang='lat' dir='ltr'><strong>Me&#39;1&#39;r</strong></span> <span class='ocrx_word' id='word_1_51' title='bbox 1867 1506 2007 1572; x_wconf 88' lang='lat' dir='ltr'><strong>Rothen-</strong></span> 
     </span>
     <span class='ocr_line' id='line_1_7' title="bbox 365 1633 1996 1738; baseline -0.001 -38"><span class='ocrx_word' id='word_1_52' title='bbox 365 1634 571 1738; x_wconf 87' lang='lat' dir='ltr'><strong>burgensem,</strong></span> <span class='ocrx_word' id='word_1_53' title='bbox 595 1633 751 1719; x_wconf 90' lang='lat' dir='ltr'><strong>aliosque.</strong></span> <span class='ocrx_word' id='word_1_54' title='bbox 802 1633 1027 1720; x_wconf 88' lang='lat' dir='ltr'><strong>Subscriptum</strong></span> <span class='ocrx_word' id='word_1_55' title='bbox 1054 1641 1105 1699; x_wconf 88' lang='lat' dir='ltr'><strong>est</strong></span> <span class='ocrx_word' id='word_1_56' title='bbox 1127 1653 1244 1698; x_wconf 91' lang='lat' dir='ltr'><strong>nomen</strong></span> <span class='ocrx_word' id='word_1_57' title='bbox 1268 1633 1338 1720; x_wconf 90' lang='lat' dir='ltr'><strong>ejus</strong></span> <span class='ocrx_word' id='word_1_58' title='bbox 1361 1633 1416 1720; x_wconf 92' lang='lat' dir='ltr'><strong>qui</strong></span> <span class='ocrx_word' id='word_1_59' title='bbox 1438 1655 1479 1697; x_wconf 88' lang='lat' dir='ltr'><strong>ex</strong></span> <span class='ocrx_word' id='word_1_60' title='bbox 1501 1633 1604 1718; x_wconf 91' lang='lat' dir='ltr'><strong>ipsius</strong></span> <span class='ocrx_word' id='word_1_61' title='bbox 1629 1633 1771 1697; x_wconf 87' lang='lat' dir='ltr'><strong>auctoris</strong></span> <span class='ocrx_word' id='word_1_62' title='bbox 1794 1634 1996 1720; x_wconf 80' lang='lat' dir='ltr'><strong>autographo</strong></span> 
     </span>
    </p>
   </div>
   <div class='ocr_carea' id='block_1_4' title="bbox 362 1757 2007 3347">
    <p class='ocr_par' dir='ltr' id='par_1_4' title="bbox 365 1757 2006 1974">
     <span class='ocr_line' id='line_1_8' title="bbox 365 1757 2006 1848; baseline 0 -22"><span class='ocrx_word' id='word_1_63' title='bbox 365 1771 496 1828; x_wconf 86' lang='lat' dir='ltr'><strong>centmn</strong></span> <span class='ocrx_word' id='word_1_64' title='bbox 516 1762 584 1826; x_wconf 87' lang='lat' dir='ltr'><strong>fere</strong></span> <span class='ocrx_word' id='word_1_65' title='bbox 606 1761 700 1826; x_wconf 88' lang='lat' dir='ltr'><strong>annis</strong></span> <span class='ocrx_word' id='word_1_66' title='bbox 722 1771 798 1848; x_wconf 93' lang='lat' dir='ltr'><strong>post</strong></span> <span class='ocrx_word' id='word_1_67' title='bbox 819 1761 889 1848; x_wconf 88' lang='lat' dir='ltr'><strong>ejus</strong></span> <span class='ocrx_word' id='word_1_68' title='bbox 913 1768 1062 1844; x_wconf 89' lang='lat' dir='ltr'><strong>mortem,</strong></span> <span class='ocrx_word' id='word_1_69' title='bbox 1085 1782 1170 1826; x_wconf 89' lang='lat' dir='ltr'><strong>anno</strong></span> <span class='ocrx_word' id='word_1_70' title='bbox 1192 1759 1286 1825; x_wconf 83' lang='grc'><strong>5221.</strong></span> <span class='ocrx_word' id='word_1_71' title='bbox 1312 1757 1347 1846; x_wconf 92' lang='lat' dir='ltr'><strong>(i.</strong></span> <span class='ocrx_word' id='word_1_72' title='bbox 1367 1783 1394 1825; x_wconf 92' lang='grc'><strong>0.</strong></span> <span class='ocrx_word' id='word_1_73' title='bbox 1413 1757 1536 1824; x_wconf 81' lang='lat' dir='ltr'>Christi</span> <span class='ocrx_word' id='word_1_74' title='bbox 1551 1757 1657 1844; x_wconf 88' lang='grc'><strong>1401.)</strong></span> <span class='ocrx_word' id='word_1_75' title='bbox 1677 1761 1712 1823; x_wconf 93' lang='lat' dir='ltr'><strong>in</strong></span> <span class='ocrx_word' id='word_1_76' title='bbox 1731 1759 1812 1825; x_wconf 89' lang='lat' dir='ltr'><strong>urbe</strong></span> <span class='ocrx_word' id='word_1_77' title='bbox 1829 1759 2006 1848; x_wconf 87' lang='lat' dir='ltr'><strong>Kalatajub</strong></span> 
     </span>
     <span class='ocr_line' id='line_1_9' title="bbox 365 1887 1171 1974; baseline -0.004 -22"><span class='ocrx_word' id='word_1_78' title='bbox 365 1888 511 1954; x_wconf 81' lang='lat' dir='ltr'><strong>codicem</strong></span> <span class='ocrx_word' id='word_1_79' title='bbox 527 1887 709 1974; x_wconf 82' lang='lat' dir='ltr'><strong>descripsit.</strong></span> <span class='ocrx_word' id='word_1_80' title='bbox 752 1887 919 1954; x_wconf 87' lang='lat' dir='ltr'><strong>Foliorum</strong></span> <span class='ocrx_word' id='word_1_81' title='bbox 935 1895 985 1952; x_wconf 87' lang='lat' dir='ltr'><strong>est</strong></span> <span class='ocrx_word' id='word_1_82' title='bbox 1001 1887 1062 1954; x_wconf 91' lang='lat'><strong>100</strong></span> <span class='ocrx_word' id='word_1_83' title='bbox 1075 1888 1109 1950; x_wconf 89' lang='lat' dir='ltr'><strong>in</strong></span> <span class='ocrx_word' id='word_1_84' title='bbox 1122 1887 1171 1950; x_wconf 85' lang='lat'><strong>4⁰.</strong></span> 
     </span>
    </p>

    <p class='ocr_par' dir='ltr' id='par_1_5' title="bbox 362 2010 2007 3238">
     <span class='ocr_line' id='line_1_10' title="bbox 469 2010 2005 2101; baseline -0.001 -23"><span class='ocrx_word' id='word_1_85' title='bbox 469 2011 503 2101; x_wconf 91' lang='grc'><strong>2)</strong></span> <span class='ocrx_word' id='word_1_86' title='bbox 527 2011 659 2080; x_wconf 80' lang='lat' dir='ltr'><strong>Scholia</strong></span> <span class='ocrx_word' id='word_1_87' title='bbox 672 2013 715 2080; x_wconf 88' lang='lat' dir='ltr'><strong>ad</strong></span> <span class='ocrx_word' id='word_1_88' title='bbox 728 2023 886 2080; x_wconf 85' lang='lat' dir='ltr'><strong>tractatus</strong></span> <span class='ocrx_word' id='word_1_89' title='bbox 902 2011 1093 2080; x_wconf 88' lang='lat' dir='ltr'><strong>talmudicos</strong></span> <span class='ocrx_word' id='word_1_90' title='bbox 1109 2013 1225 2097; x_wconf 85' lang='lat' dir='ltr'><strong>Nidda,</strong></span> <span class='ocrx_word' id='word_1_91' title='bbox 1240 2012 1348 2097; x_wconf 87' lang='lat' dir='ltr'><strong>Nasir,</strong></span> <span class='ocrx_word' id='word_1_92' title='bbox 1367 2013 1531 2095; x_wconf 89' lang='lat' dir='ltr'><strong>Nedarim,</strong></span> <span class='ocrx_word' id='word_1_93' title='bbox 1547 2021 1679 2078; x_wconf 86' lang='lat' dir='ltr'><strong>auctore</strong></span> <span class='ocrx_word' id='word_1_94' title='bbox 1693 2010 1822 2078; x_wconf 84' lang='lat' dir='ltr'><strong>Ascher</strong></span> <span class='ocrx_word' id='word_1_95' title='bbox 1836 2013 2005 2080; x_wconf 77' lang='lat' dir='ltr'><strong>Toletano.</strong></span> 
     </span>
     <span class='ocr_line' id='line_1_11' title="bbox 365 2139 2006 2229; baseline 0 -22"><span class='ocrx_word' id='word_1_96' title='bbox 365 2139 513 2229; x_wconf 87' lang='lat' dir='ltr'><strong>Scriptus</strong></span> <span class='ocrx_word' id='word_1_97' title='bbox 534 2149 583 2206; x_wconf 86' lang='lat' dir='ltr'><strong>est</strong></span> <span class='ocrx_word' id='word_1_98' title='bbox 597 2141 702 2208; x_wconf 84' lang='lat' dir='ltr'><strong>codex</strong></span> <span class='ocrx_word' id='word_1_99' title='bbox 717 2139 823 2206; x_wconf 87' lang='lat' dir='ltr'><strong>Toleti</strong></span> <span class='ocrx_word' id='word_1_100' title='bbox 843 2163 927 2208; x_wconf 89' lang='lat' dir='ltr'><strong>anno</strong></span> <span class='ocrx_word' id='word_1_101' title='bbox 945 2139 1036 2206; x_wconf 88' lang='grc'><strong>1364.</strong></span> <span class='ocrx_word' id='word_1_102' title='bbox 1078 2141 1217 2228; x_wconf 88' lang='lat' dir='ltr'><strong>Insuper</strong></span> <span class='ocrx_word' id='word_1_103' title='bbox 1231 2139 1378 2206; x_wconf 85' lang='lat' dir='ltr'><strong>additum</strong></span> <span class='ocrx_word' id='word_1_104' title='bbox 1392 2147 1442 2204; x_wconf 88' lang='lat' dir='ltr'><strong>eat</strong></span> <span class='ocrx_word' id='word_1_105' title='bbox 1457 2140 1673 2224; x_wconf 82' lang='lat' dir='ltr'><strong>fragmentum</strong></span> <span class='ocrx_word' id='word_1_106' title='bbox 1688 2139 1866 2226; x_wconf 90' lang='lat' dir='ltr'><strong>etquidem</strong></span> <span class='ocrx_word' id='word_1_107' title='bbox 1881 2139 2006 2208; x_wconf 91' lang='lat' dir='ltr'><strong>initium</strong></span> 
     </span>
     <span class='ocr_line' id='line_1_12' title="bbox 365 2263 2007 2334; baseline 0.001 -2"><span class='ocrx_word' id='word_1_108' title='bbox 365 2269 588 2334; x_wconf 87' lang='lat' dir='ltr'><strong>commentarii</strong></span> <span class='ocrx_word' id='word_1_109' title='bbox 602 2268 645 2334; x_wconf 89' lang='lat' dir='ltr'><strong>ad</strong></span> <span class='ocrx_word' id='word_1_110' title='bbox 658 2277 830 2334; x_wconf 87' lang='lat' dir='ltr'><strong>tractatum</strong></span> <span class='ocrx_word' id='word_1_111' title='bbox 846 2265 962 2333; x_wconf 80' lang='lat' dir='ltr'><strong>Cholin</strong></span> <span class='ocrx_word' id='word_1_112' title='bbox 977 2290 997 2332; x_wconf 88' lang='lat' dir='ltr'><strong>a</strong></span> <span class='ocrx_word' id='word_1_113' title='bbox 1010 2267 1130 2333; x_wconf 89' lang='lat' dir='ltr'><strong>Rasohi</strong></span> <span class='ocrx_word' id='word_1_114' title='bbox 1145 2267 1264 2333; x_wconf 89' lang='lat' dir='ltr'><strong>datum.</strong></span> <span class='ocrx_word' id='word_1_115' title='bbox 1314 2265 1409 2331; x_wconf 82' lang='lat' dir='ltr'><strong>Folia</strong></span> <span class='ocrx_word' id='word_1_116' title='bbox 1424 2273 1499 2330; x_wconf 86' lang='lat' dir='ltr'><strong>sunt</strong></span> <span class='ocrx_word' id='word_1_117' title='bbox 1514 2265 1555 2330; x_wconf 83' lang='lat'><strong>70</strong></span> <span class='ocrx_word' id='word_1_118' title='bbox 1568 2265 1602 2329; x_wconf 89' lang='lat' dir='ltr'><strong>in</strong></span> <span class='ocrx_word' id='word_1_119' title='bbox 1615 2265 1666 2330; x_wconf 84' lang='lat'><strong>4⁰.</strong></span> <span class='ocrx_word' id='word_1_120' title='bbox 1715 2263 1841 2331; x_wconf 84' lang='lat' dir='ltr'><strong>Eorum</strong></span> <span class='ocrx_word' id='word_1_121' title='bbox 1864 2269 2007 2334; x_wconf 89' lang='lat' dir='ltr'><strong>omnium</strong></span> 
     </span>
     <span class='ocr_line' id='line_1_13' title="bbox 365 2391 2004 2484; baseline -0.001 -25"><span class='ocrx_word' id='word_1_122' title='bbox 365 2418 447 2480; x_wconf 91' lang='lat' dir='ltr'><strong>quae</strong></span> <span class='ocrx_word' id='word_1_123' title='bbox 468 2393 532 2459; x_wconf 89' lang='lat' dir='ltr'><strong>hoe</strong></span> <span class='ocrx_word' id='word_1_124' title='bbox 554 2393 666 2460; x_wconf 86' lang='lat' dir='ltr'><strong>codice</strong></span> <span class='ocrx_word' id='word_1_125' title='bbox 691 2395 769 2460; x_wconf 85' lang='lat' dir='ltr'><strong>satis</strong></span> <span class='ocrx_word' id='word_1_126' title='bbox 791 2417 906 2484; x_wconf 87' lang='lat' dir='ltr'><strong>presse</strong></span> <span class='ocrx_word' id='word_1_127' title='bbox 926 2395 1047 2480; x_wconf 87' lang='lat' dir='ltr'><strong>scripto</strong></span> <span class='ocrx_word' id='word_1_128' title='bbox 1076 2397 1279 2460; x_wconf 88' lang='lat' dir='ltr'><strong>continentur</strong></span> <span class='ocrx_word' id='word_1_129' title='bbox 1303 2391 1383 2461; x_wconf 88' lang='lat' dir='ltr'><strong>nihil</strong></span> <span class='ocrx_word' id='word_1_130' title='bbox 1409 2393 1487 2458; x_wconf 89' lang='lat' dir='ltr'><strong>dum</strong></span> <span class='ocrx_word' id='word_1_131' title='bbox 1506 2391 1613 2457; x_wconf 90' lang='lat' dir='ltr'><strong>lucem</strong></span> <span class='ocrx_word' id='word_1_132' title='bbox 1633 2391 1772 2476; x_wconf 86' lang='lat' dir='ltr'><strong>vidisse,</strong></span> <span class='ocrx_word' id='word_1_133' title='bbox 1803 2395 1922 2460; x_wconf 83' lang='lat' dir='ltr'><strong>asserit</strong></span> <span class='ocrx_word' id='word_1_134' title='bbox 1942 2393 2004 2460; x_wconf 87' lang='lat' dir='ltr'><strong>Ad.</strong></span> 
     </span>
     <span class='ocr_line' id='line_1_14' title="bbox 363 2518 2006 2608; baseline 0.001 -22"><span class='ocrx_word' id='word_1_135' title='bbox 363 2522 384 2586; x_wconf 88' lang='lat' dir='ltr'>J</span> <span class='ocrx_word' id='word_1_136' title='bbox 387 2521 505 2586; x_wconf 85' lang='lat' dir='ltr'><strong>ellinek</strong></span> <span class='ocrx_word' id='word_1_137' title='bbox 523 2519 543 2586; x_wconf 92' lang='lat' dir='ltr'><strong>l.</strong></span> <span class='ocrx_word' id='word_1_138' title='bbox 559 2521 579 2586; x_wconf 95' lang='lat' dir='ltr'><strong>l.</strong></span> <span class='ocrx_word' id='word_1_139' title='bbox 598 2543 630 2608; x_wconf 88' lang='lat' dir='ltr'><strong>p.</strong></span> <span class='ocrx_word' id='word_1_140' title='bbox 646 2521 717 2586; x_wconf 83' lang='grc'><strong>287.</strong></span> <span class='ocrx_word' id='word_1_141' title='bbox 761 2521 874 2608; x_wconf 91' lang='lat' dir='ltr'><strong>Ipsum</strong></span> <span class='ocrx_word' id='word_1_142' title='bbox 889 2522 976 2587; x_wconf 89' lang='lat' dir='ltr'><strong>enim</strong></span> <span class='ocrx_word' id='word_1_143' title='bbox 991 2518 1255 2588; x_wconf 83' lang='lat' dir='ltr'><strong>commentarium</strong></span> <span class='ocrx_word' id='word_1_144' title='bbox 1271 2519 1312 2584; x_wconf 86' lang='lat' dir='ltr'><strong>ad</strong></span> <span class='ocrx_word' id='word_1_145' title='bbox 1327 2528 1499 2586; x_wconf 89' lang='lat' dir='ltr'><strong>tractatum</strong></span> <span class='ocrx_word' id='word_1_146' title='bbox 1512 2518 1666 2584; x_wconf 89' lang='lat' dir='ltr'><strong>Nedarim</strong></span> <span class='ocrx_word' id='word_1_147' title='bbox 1680 2518 1780 2585; x_wconf 91' lang='lat' dir='ltr'><strong>alium</strong></span> <span class='ocrx_word' id='word_1_148' title='bbox 1795 2542 1869 2585; x_wconf 90' lang='lat' dir='ltr'><strong>esse</strong></span> <span class='ocrx_word' id='word_1_149' title='bbox 1884 2523 2006 2607; x_wconf 87' lang='lat' dir='ltr'><strong>reperit</strong></span> 
     </span>
     <span class='ocr_line' id='line_1_15' title="bbox 364 2643 2004 2736; baseline -0.001 -23"><span class='ocrx_word' id='word_1_150' title='bbox 364 2658 460 2736; x_wconf 90' lang='lat' dir='ltr'><strong>atque</strong></span> <span class='ocrx_word' id='word_1_151' title='bbox 475 2671 550 2714; x_wconf 89' lang='lat' dir='ltr'><strong>eum</strong></span> <span class='ocrx_word' id='word_1_152' title='bbox 565 2650 620 2736; x_wconf 89' lang='lat' dir='ltr'><strong>qui</strong></span> <span class='ocrx_word' id='word_1_153' title='bbox 634 2647 780 2735; x_wconf 86' lang='lat' dir='ltr'><strong>ejusdem</strong></span> <span class='ocrx_word' id='word_1_154' title='bbox 794 2646 934 2714; x_wconf 86' lang='lat' dir='ltr'><strong>Ascheri</strong></span> <span class='ocrx_word' id='word_1_155' title='bbox 948 2649 1078 2712; x_wconf 89' lang='lat' dir='ltr'><strong>nomine</strong></span> <span class='ocrx_word' id='word_1_156' title='bbox 1092 2649 1157 2712; x_wconf 90' lang='lat' dir='ltr'><strong>iam</strong></span> <span class='ocrx_word' id='word_1_157' title='bbox 1172 2647 1277 2714; x_wconf 89' lang='lat' dir='ltr'><strong>editus</strong></span> <span class='ocrx_word' id='word_1_158' title='bbox 1294 2655 1352 2712; x_wconf 87' lang='lat' dir='ltr'><strong>est.</strong></span> <span class='ocrx_word' id='word_1_159' title='bbox 1396 2647 1449 2712; x_wconf 91' lang='lat' dir='ltr'><strong>De</strong></span> <span class='ocrx_word' id='word_1_160' title='bbox 1464 2655 1611 2712; x_wconf 85' lang='lat' dir='ltr'><strong>extrema</strong></span> <span class='ocrx_word' id='word_1_161' title='bbox 1623 2655 1717 2734; x_wconf 88' lang='lat' dir='ltr'><strong>parte</strong></span> <span class='ocrx_word' id='word_1_162' title='bbox 1733 2645 1856 2711; x_wconf 90' lang='lat' dir='ltr'><strong>codicis</strong></span> <span class='ocrx_word' id='word_1_163' title='bbox 1872 2643 1925 2712; x_wconf 88' lang='lat' dir='ltr'><strong>ilic</strong></span> <span class='ocrx_word' id='word_1_164' title='bbox 1942 2650 2004 2714; x_wconf 88' lang='lat' dir='ltr'><strong>sic:</strong></span> 
     </span>
     <span class='ocr_line' id='line_1_16' title="bbox 363 2775 2007 2858; baseline 0 -21"><span class='ocrx_word' id='word_1_165' title='bbox 363 2777 518 2838; x_wconf 73' lang='lat' dir='ltr'><strong>Wdhrend</strong></span> <span class='ocrx_word' id='word_1_166' title='bbox 535 2779 589 2838; x_wconf 84' lang='lat' dir='ltr'><strong>wir</strong></span> <span class='ocrx_word' id='word_1_167' title='bbox 608 2777 675 2840; x_wconf 88' lang='lat' dir='ltr'><strong>eine</strong></span> <span class='ocrx_word' id='word_1_168' title='bbox 693 2798 796 2858; x_wconf 84' lang='lat' dir='ltr'><strong>grosse</strong></span> <span class='ocrx_word' id='word_1_169' title='bbox 810 2777 928 2838; x_wconf 80' lang='lat' dir='ltr'><strong>Anaahl</strong></span> <span class='ocrx_word' id='word_1_170' title='bbox 945 2776 1241 2858; x_wconf 87' lang='lat' dir='ltr'><strong>Superccmmentare</strong></span> <span class='ocrx_word' id='word_1_171' title='bbox 1255 2795 1292 2834; x_wconf 83' lang='lat' dir='ltr'><strong>zu</strong></span> <span class='ocrx_word' id='word_1_172' title='bbox 1305 2775 1442 2836; x_wconf 83' lang='lat' dir='ltr'><strong>Roschi&#39;a</strong></span> <span class='ocrx_word' id='word_1_173' title='bbox 1456 2775 2007 2852; x_wconf 78' lang='grc' dir='ltr'><strong>Ρο110100011-0011111011011100110011,</strong></span> 
     </span>
     <span class='ocr_line' id='line_1_17' title="bbox 362 2901 2006 2984; baseline 0.001 -20"><span class='ocrx_word' id='word_1_174' title='bbox 362 2905 401 2964; x_wconf 86' lang='lat' dir='ltr'><strong>ist</strong></span> <span class='ocrx_word' id='word_1_175' title='bbox 422 2904 476 2964; x_wconf 89' lang='lat' dir='ltr'><strong>das</strong></span> <span class='ocrx_word' id='word_1_176' title='bbox 498 2904 690 2966; x_wconf 82' lang='lat' dir='ltr'><strong>bezeichnete</strong></span> <span class='ocrx_word' id='word_1_177' title='bbox 711 2904 875 2984; x_wconf 80' lang='lat' dir='ltr'><strong>Fragment</strong></span> <span class='ocrx_word' id='word_1_178' title='bbox 895 2901 1051 2964; x_wconf 85' lang='lat' dir='ltr'><strong>vielleicht</strong></span> <span class='ocrx_word' id='word_1_179' title='bbox 1076 2902 1130 2964; x_wconf 88' lang='lat' dir='ltr'><strong>der</strong></span> <span class='ocrx_word' id='word_1_180' title='bbox 1156 2903 1272 2982; x_wconf 83' lang='lat' dir='ltr'><strong>einaige</strong></span> <span class='ocrx_word' id='word_1_181' title='bbox 1294 2901 1430 2963; x_wconf 89' lang='lat' dir='ltr'><strong>Versuch</strong></span> <span class='ocrx_word' id='word_1_182' title='bbox 1453 2901 1503 2963; x_wconf 91' lang='lat' dir='ltr'><strong>dio</strong></span> <span class='ocrx_word' id='word_1_183' title='bbox 1523 2901 1742 2964; x_wconf 88' lang='lat' dir='ltr'><strong>talmudischen</strong></span> <span class='ocrx_word' id='word_1_184' title='bbox 1764 2904 2006 2984; x_wconf 80' lang='lat' dir='ltr'><strong>Erlttutenmgen</strong></span> 
     </span>
     <span class='ocr_line' id='line_1_18' title="bbox 362 3029 2005 3110; baseline 0.001 -19"><span class='ocrx_word' id='word_1_185' title='bbox 362 3031 499 3091; x_wconf 83' lang='lat' dir='ltr'><strong>Roschi&#39;s</strong></span> <span class='ocrx_word' id='word_1_186' title='bbox 518 3053 555 3091; x_wconf 83' lang='lat' dir='ltr'><strong>zu</strong></span> <span class='ocrx_word' id='word_1_187' title='bbox 571 3032 792 3092; x_wconf 90' lang='lat' dir='ltr'><strong>commentiren.</strong></span> <span class='ocrx_word' id='word_1_188' title='bbox 834 3033 900 3092; x_wconf 87' lang='lat' dir='ltr'><strong>Dor</strong></span> <span class='ocrx_word' id='word_1_189' title='bbox 918 3029 1113 3091; x_wconf 82' lang='lat' dir='ltr'><strong>unbekanntc</strong></span> <span class='ocrx_word' id='word_1_190' title='bbox 1127 3029 1287 3092; x_wconf 83' lang='lat' dir='ltr'><strong>Verfasser</strong></span> <span class='ocrx_word' id='word_1_191' title='bbox 1299 3029 1372 3109; x_wconf 82' lang='lat' dir='ltr'><strong>geht</strong></span> <span class='ocrx_word' id='word_1_192' title='bbox 1386 3029 1463 3090; x_wconf 90' lang='lat' dir='ltr'><strong>auch</strong></span> <span class='ocrx_word' id='word_1_193' title='bbox 1476 3049 1554 3108; x_wconf 82' lang='lat' dir='ltr'><strong>gana</strong></span> <span class='ocrx_word' id='word_1_194' title='bbox 1567 3049 1666 3108; x_wconf 84' lang='lat' dir='ltr'><strong>genau</strong></span> <span class='ocrx_word' id='word_1_195' title='bbox 1680 3031 1742 3092; x_wconf 91' lang='lat' dir='ltr'><strong>und</strong></span> <span class='ocrx_word' id='word_1_196' title='bbox 1757 3030 1860 3091; x_wconf 87' lang='lat' dir='ltr'><strong>scharf</strong></span> <span class='ocrx_word' id='word_1_197' title='bbox 1871 3032 1927 3092; x_wconf 86' lang='lat' dir='ltr'><strong>auf</strong></span> <span class='ocrx_word' id='word_1_198' title='bbox 1932 3033 2005 3110; x_wconf 91' lang='lat' dir='ltr'><strong>jede</strong></span> 
     </span>
     <span class='ocr_line' id='line_1_19' title="bbox 362 3157 746 3238; baseline 0 -20"><span class='ocrx_word' id='word_1_199' title='bbox 362 3157 524 3238; x_wconf 87' lang='lat' dir='ltr'><strong>Weudung</strong></span> <span class='ocrx_word' id='word_1_200' title='bbox 537 3157 673 3222; x_wconf 85' lang='lat' dir='ltr'><strong>Raschi’a</strong></span> <span class='ocrx_word' id='word_1_201' title='bbox 689 3159 746 3218; x_wconf 91' lang='lat' dir='ltr'><strong>ein.</strong></span> 
     </span>
    </p>

    <p class='ocr_par' dir='ltr' id='par_1_6' title="bbox 1021 3281 1328 3347">
     <span class='ocr_line' id='line_1_20' title="bbox 1021 3281 1328 3347; baseline -0.003 -1"><span class='ocrx_word' id='word_1_202' title='bbox 1021 3282 1059 3346; x_wconf 94' lang='grc' dir='ltr'><strong>Β.</strong></span> <span class='ocrx_word' id='word_1_203' title='bbox 1103 3281 1328 3347; x_wconf 87' lang='lat' dir='ltr'><strong>Karaitioi.</strong></span> 
     </span>
    </p>
   </div>
   <div class='ocr_carea' id='block_1_5' title="bbox 358 3423 2005 4403">
    <p class='ocr_par' dir='ltr' id='par_1_7' title="bbox 359 3423 2005 3998">
     <span class='ocr_line' id='line_1_21' title="bbox 468 3423 2005 3515; baseline 0.003 -25"><span class='ocrx_word' id='word_1_204' title='bbox 468 3424 500 3512; x_wconf 90' lang='lat' dir='ltr'><strong>l)</strong></span> <span class='ocrx_word' id='word_1_205' title='bbox 526 3424 639 3492; x_wconf 81' lang='lat' dir='ltr'><strong>Codex</strong></span> <span class='ocrx_word' id='word_1_206' title='bbox 661 3424 905 3514; x_wconf 83' lang='lat' dir='ltr'><strong>philosophicus</strong></span> <span class='ocrx_word' id='word_1_207' title='bbox 927 3425 1080 3493; x_wconf 89' lang='lat' dir='ltr'><strong>foliorum</strong></span> <span class='ocrx_word' id='word_1_208' title='bbox 1105 3425 1164 3492; x_wconf 86' lang='grc'><strong>198</strong></span> <span class='ocrx_word' id='word_1_209' title='bbox 1187 3427 1221 3490; x_wconf 91' lang='lat' dir='ltr'><strong>in</strong></span> <span class='ocrx_word' id='word_1_210' title='bbox 1243 3425 1295 3490; x_wconf 85' lang='lat'><strong>4⁰.</strong></span> <span class='ocrx_word' id='word_1_211' title='bbox 1340 3424 1451 3490; x_wconf 92' lang='lat' dir='ltr'><strong>Primo</strong></span> <span class='ocrx_word' id='word_1_212' title='bbox 1472 3423 1545 3490; x_wconf 90' lang='lat' dir='ltr'><strong>loco</strong></span> <span class='ocrx_word' id='word_1_213' title='bbox 1566 3423 1685 3510; x_wconf 85' lang='lat' dir='ltr'><strong>legitur</strong></span> <span class='ocrx_word' id='word_1_214' title='bbox 1704 3425 1812 3511; x_wconf 83' lang='lat' dir='ltr'><strong>logica</strong></span> <span class='ocrx_word' id='word_1_215' title='bbox 1832 3424 1906 3515; x_wconf 87' lang='lat' dir='ltr'><strong>(per</strong></span> <span class='ocrx_word' id='word_1_216' title='bbox 1926 3428 2005 3494; x_wconf 84' lang='lat' dir='ltr'><strong>folia</strong></span> 
     </span>
     <span class='ocr_line' id='line_1_22' title="bbox 361 3547 2004 3642; baseline 0.003 -26"><span class='ocrx_word' id='word_1_217' title='bbox 361 3549 427 3640; x_wconf 88' lang='grc'><strong>24),</strong></span> <span class='ocrx_word' id='word_1_218' title='bbox 451 3553 594 3618; x_wconf 89' lang='lat' dir='ltr'><strong>secundo</strong></span> <span class='ocrx_word' id='word_1_219' title='bbox 615 3551 838 3640; x_wconf 82' lang='lat' dir='ltr'><strong>metaphysica</strong></span> <span class='ocrx_word' id='word_1_220' title='bbox 861 3548 934 3642; x_wconf 90' lang='lat' dir='ltr'><strong>(per</strong></span> <span class='ocrx_word' id='word_1_221' title='bbox 957 3553 1018 3618; x_wconf 90' lang='grc'><strong>102</strong></span> <span class='ocrx_word' id='word_1_222' title='bbox 1031 3550 1125 3641; x_wconf 78' lang='grc'><strong>1011),</strong></span> <span class='ocrx_word' id='word_1_223' title='bbox 1149 3553 1245 3617; x_wconf 88' lang='lat' dir='ltr'><strong>tertio</strong></span> <span class='ocrx_word' id='word_1_224' title='bbox 1266 3553 1403 3640; x_wconf 87' lang='lat' dir='ltr'><strong>physica</strong></span> <span class='ocrx_word' id='word_1_225' title='bbox 1426 3547 1499 3639; x_wconf 89' lang='lat' dir='ltr'><strong>(per</strong></span> <span class='ocrx_word' id='word_1_226' title='bbox 1515 3549 1663 3638; x_wconf 76' lang='grc'><strong>721011),</strong></span> <span class='ocrx_word' id='word_1_227' title='bbox 1686 3563 1819 3618; x_wconf 87' lang='lat' dir='ltr'><strong>auctore</strong></span> <span class='ocrx_word' id='word_1_228' title='bbox 1843 3553 1923 3620; x_wconf 89' lang='lat' dir='ltr'><strong>Said</strong></span> <span class='ocrx_word' id='word_1_229' title='bbox 1941 3555 2004 3620; x_wconf 88' lang='lat' dir='ltr'><strong>Ibn</strong></span> 
     </span>
     <span class='ocr_line' id='line_1_23' title="bbox 359 3677 2004 3770; baseline 0.001 -26"><span class='ocrx_word' id='word_1_230' title='bbox 359 3677 1040 3748; x_wconf 71' lang='grc'><strong>001101410010110011101-11010001.</strong></span> <span class='ocrx_word' id='word_1_231' title='bbox 1076 3679 1245 3746; x_wconf 90' lang='lat' dir='ltr'><strong>Laudatur</strong></span> <span class='ocrx_word' id='word_1_232' title='bbox 1267 3677 1321 3743; x_wconf 91' lang='lat' dir='ltr'><strong>hic</strong></span> <span class='ocrx_word' id='word_1_233' title='bbox 1345 3679 1484 3765; x_wconf 81' lang='lat' dir='ltr'><strong>scriptor</strong></span> <span class='ocrx_word' id='word_1_234' title='bbox 1506 3677 1548 3743; x_wconf 92' lang='lat' dir='ltr'><strong>ab</strong></span> <span class='ocrx_word' id='word_1_235' title='bbox 1562 3677 1687 3744; x_wconf 84' lang='lat' dir='ltr'><strong>Asulai.</strong></span> <span class='ocrx_word' id='word_1_236' title='bbox 1723 3679 1949 3770; x_wconf 87' lang='lat' dir='ltr'><strong>Metaphysica</strong></span> <span class='ocrx_word' id='word_1_237' title='bbox 1972 3693 2004 3747; x_wconf 92' lang='lat' dir='ltr'><strong>et</strong></span> 
     </span>
     <span class='ocr_line' id='line_1_24' title="bbox 359 3803 2004 3894; baseline 0.003 -24"><span class='ocrx_word' id='word_1_238' title='bbox 359 3805 496 3894; x_wconf 89' lang='lat' dir='ltr'><strong>physica</strong></span> <span class='ocrx_word' id='word_1_239' title='bbox 517 3807 663 3893; x_wconf 87' lang='lat' dir='ltr'><strong>integrae</strong></span> <span class='ocrx_word' id='word_1_240' title='bbox 686 3813 770 3891; x_wconf 89' lang='lat' dir='ltr'><strong>sunt,</strong></span> <span class='ocrx_word' id='word_1_241' title='bbox 790 3805 899 3894; x_wconf 84' lang='lat' dir='ltr'><strong>logica</strong></span> <span class='ocrx_word' id='word_1_242' title='bbox 919 3805 961 3875; x_wconf 80' lang='lat' dir='ltr'><strong>ab</strong></span> <span class='ocrx_word' id='word_1_243' title='bbox 984 3807 1075 3872; x_wconf 86' lang='lat' dir='ltr'><strong>initio</strong></span> <span class='ocrx_word' id='word_1_244' title='bbox 1098 3828 1222 3871; x_wconf 90' lang='lat' dir='ltr'><strong>manca.</strong></span> <span class='ocrx_word' id='word_1_245' title='bbox 1268 3803 1422 3870; x_wconf 76' lang='lat' dir='ltr'><strong>Ceterum</strong></span> <span class='ocrx_word' id='word_1_246' title='bbox 1443 3803 1525 3870; x_wconf 88' lang='lat' dir='ltr'><strong>alius</strong></span> <span class='ocrx_word' id='word_1_247' title='bbox 1546 3805 1724 3870; x_wconf 88' lang='lat' dir='ltr'><strong>eorundem</strong></span> <span class='ocrx_word' id='word_1_248' title='bbox 1745 3829 1880 3893; x_wconf 88' lang='lat' dir='ltr'><strong>operum</strong></span> <span class='ocrx_word' id='word_1_249' title='bbox 1899 3809 2004 3875; x_wconf 84' lang='lat' dir='ltr'><strong>codex</strong></span> 
     </span>
     <span class='ocr_line' id='line_1_25' title="bbox 362 3932 643 3998; baseline -0.011 0"><span class='ocrx_word' id='word_1_250' title='bbox 362 3932 483 3998; x_wconf 89' lang='lat' dir='ltr'><strong>Oxonii</strong></span> <span class='ocrx_word' id='word_1_251' title='bbox 497 3933 643 3998; x_wconf 89' lang='lat' dir='ltr'><strong>habetur.</strong></span> 
     </span>
    </p>

    <p class='ocr_par' dir='ltr' id='par_1_8' title="bbox 358 4057 2003 4403">
     <span class='ocr_line' id='line_1_26' title="bbox 465 4057 2003 4148; baseline 0.003 -25"><span class='ocrx_word' id='word_1_252' title='bbox 465 4057 499 4145; x_wconf 93' lang='grc'><strong>2)</strong></span> <span class='ocrx_word' id='word_1_253' title='bbox 525 4057 681 4124; x_wconf 81' lang='lat' dir='ltr'><strong>Collectio</strong></span> <span class='ocrx_word' id='word_1_254' title='bbox 704 4082 861 4147; x_wconf 89' lang='lat' dir='ltr'><strong>perquam</strong></span> <span class='ocrx_word' id='word_1_255' title='bbox 881 4060 1019 4144; x_wconf 88' lang='lat' dir='ltr'><strong>insignis</strong></span> <span class='ocrx_word' id='word_1_256' title='bbox 1041 4061 1242 4126; x_wconf 87' lang='lat' dir='ltr'><strong>canticorum</strong></span> <span class='ocrx_word' id='word_1_257' title='bbox 1263 4059 1520 4142; x_wconf 89' lang='lat' dir='ltr'><strong>Karaitioorum,</strong></span> <span class='ocrx_word' id='word_1_258' title='bbox 1543 4057 1629 4124; x_wconf 87' lang='lat' dir='ltr'><strong>foliis</strong></span> <span class='ocrx_word' id='word_1_259' title='bbox 1654 4057 1714 4124; x_wconf 92' lang='grc'><strong>281</strong></span> <span class='ocrx_word' id='word_1_260' title='bbox 1738 4060 1772 4124; x_wconf 95' lang='lat' dir='ltr'><strong>in</strong></span> <span class='ocrx_word' id='word_1_261' title='bbox 1793 4061 1842 4146; x_wconf 86' lang='lat'><strong>8⁰,</strong></span> <span class='ocrx_word' id='word_1_262' title='bbox 1865 4083 2003 4148; x_wconf 91' lang='lat' dir='ltr'><strong>quorum</strong></span> 
     </span>
     <span class='ocr_line' id='line_1_27' title="bbox 358 4184 2003 4273; baseline 0.001 -21"><span class='ocrx_word' id='word_1_263' title='bbox 358 4185 505 4252; x_wconf 89' lang='lat' dir='ltr'><strong>nonnihil</strong></span> <span class='ocrx_word' id='word_1_264' title='bbox 523 4185 606 4251; x_wconf 90' lang='lat' dir='ltr'><strong>male</strong></span> <span class='ocrx_word' id='word_1_265' title='bbox 626 4187 778 4251; x_wconf 86' lang='lat' dir='ltr'><strong>affectum</strong></span> <span class='ocrx_word' id='word_1_266' title='bbox 793 4197 851 4271; x_wconf 89' lang='lat' dir='ltr'><strong>est,</strong></span> <span class='ocrx_word' id='word_1_267' title='bbox 868 4196 1030 4253; x_wconf 84' lang='lat' dir='ltr'><strong>constans.</strong></span> <span class='ocrx_word' id='word_1_268' title='bbox 1073 4189 1189 4254; x_wconf 90' lang='lat' dir='ltr'><strong>Insunt</strong></span> <span class='ocrx_word' id='word_1_269' title='bbox 1207 4184 1280 4273; x_wconf 89' lang='lat' dir='ltr'><strong>plus</strong></span> <span class='ocrx_word' id='word_1_270' title='bbox 1295 4185 1358 4252; x_wconf 89' lang='grc'><strong>220</strong></span> <span class='ocrx_word' id='word_1_271' title='bbox 1373 4185 1525 4269; x_wconf 82' lang='lat' dir='ltr'><strong>carmina,</strong></span> <span class='ocrx_word' id='word_1_272' title='bbox 1542 4207 1679 4272; x_wconf 90' lang='lat' dir='ltr'><strong>quorum</strong></span> <span class='ocrx_word' id='word_1_273' title='bbox 1694 4187 1850 4254; x_wconf 88' lang='lat' dir='ltr'><strong>nonnulla</strong></span> <span class='ocrx_word' id='word_1_274' title='bbox 1863 4189 1898 4253; x_wconf 89' lang='lat' dir='ltr'><strong>in</strong></span> <span class='ocrx_word' id='word_1_275' title='bbox 1911 4187 2003 4254; x_wconf 87' lang='lat' dir='ltr'><strong>libris</strong></span> 
     </span>
     <span class='ocr_line' id='line_1_28' title="bbox 358 4311 2003 4403; baseline 0.004 -27"><span class='ocrx_word' id='word_1_276' title='bbox 358 4311 567 4378; x_wconf 87' lang='lat' dir='ltr'><strong>Karaitarum</strong></span> <span class='ocrx_word' id='word_1_277' title='bbox 592 4312 763 4378; x_wconf 87' lang='lat' dir='ltr'><strong>ritualibus</strong></span> <span class='ocrx_word' id='word_1_278' title='bbox 789 4313 876 4380; x_wconf 90' lang='lat' dir='ltr'><strong>edita</strong></span> <span class='ocrx_word' id='word_1_279' title='bbox 902 4324 992 4398; x_wconf 91' lang='lat' dir='ltr'><strong>sunt,</strong></span> <span class='ocrx_word' id='word_1_280' title='bbox 1015 4315 1113 4401; x_wconf 85' lang='lat' dir='ltr'><strong>longe</strong></span> <span class='ocrx_word' id='word_1_281' title='bbox 1134 4336 1213 4380; x_wconf 87' lang='lat' dir='ltr'><strong>vero</strong></span> <span class='ocrx_word' id='word_1_282' title='bbox 1235 4312 1330 4403; x_wconf 89' lang='lat' dir='ltr'><strong>plura</strong></span> <span class='ocrx_word' id='word_1_283' title='bbox 1351 4311 1495 4378; x_wconf 88' lang='lat' dir='ltr'><strong>nondum</strong></span> <span class='ocrx_word' id='word_1_284' title='bbox 1517 4311 1735 4379; x_wconf 88' lang='lat' dir='ltr'><strong>innotuerunt.</strong></span> <span class='ocrx_word' id='word_1_285' title='bbox 1786 4314 1946 4403; x_wconf 90' lang='lat' dir='ltr'><strong>Pleraque</strong></span> <span class='ocrx_word' id='word_1_286' title='bbox 1969 4319 2003 4382; x_wconf 91' lang='lat' dir='ltr'><strong>in</strong></span> 
     </span>
    </p>
   </div>
   <div class='ocr_carea' id='block_1_6' title="bbox 244 4437 2002 4528">
    <p class='ocr_par' dir='ltr' id='par_1_9' title="bbox 244 4437 2002 4528">
     <span class='ocr_line' id='line_1_29' title="bbox 244 4437 2002 4528; baseline 0.002 -24"><span class='ocrx_word' id='word_1_287' title='bbox 244 4495 247 4504; x_wconf 91' lang='lat'><strong>.</strong></span> <span class='ocrx_word' id='word_1_288' title='bbox 359 4439 488 4506; x_wconf 86' lang='lat' dir='ltr'><strong>laudem</strong></span> <span class='ocrx_word' id='word_1_289' title='bbox 501 4439 623 4524; x_wconf 90' lang='lat' dir='ltr'><strong>Mosis,</strong></span> <span class='ocrx_word' id='word_1_290' title='bbox 642 4437 798 4524; x_wconf 87' lang='lat' dir='ltr'><strong>Aaronis,</strong></span> <span class='ocrx_word' id='word_1_291' title='bbox 818 4439 989 4524; x_wconf 88' lang='lat' dir='ltr'><strong>Samuelis,</strong></span> <span class='ocrx_word' id='word_1_292' title='bbox 1008 4441 1102 4508; x_wconf 88' lang='lat' dir='ltr'><strong>Eliae</strong></span> <span class='ocrx_word' id='word_1_293' title='bbox 1117 4442 1298 4528; x_wconf 90' lang='lat' dir='ltr'><strong>composita</strong></span> <span class='ocrx_word' id='word_1_294' title='bbox 1313 4449 1397 4505; x_wconf 88' lang='lat' dir='ltr'><strong>sunt.</strong></span> <span class='ocrx_word' id='word_1_295' title='bbox 1440 4439 1674 4528; x_wconf 87' lang='lat' dir='ltr'><strong>Inscriptiones</strong></span> <span class='ocrx_word' id='word_1_296' title='bbox 1688 4439 1850 4508; x_wconf 89' lang='lat' dir='ltr'><strong>Arabicae</strong></span> <span class='ocrx_word' id='word_1_297' title='bbox 1866 4443 2002 4528; x_wconf 84' lang='lat' dir='ltr'><strong>singulis</strong></span> 
     </span>
    </p>
   </div>
   <div class='ocr_carea' id='block_1_7' title="bbox 359 4565 2001 5036">
    <p class='ocr_par' dir='ltr' id='par_1_10' title="bbox 359 4565 2001 5036">
     <span class='ocr_line' id='line_1_30' title="bbox 359 4565 2001 4656; baseline 0.002 -26"><span class='ocrx_word' id='word_1_298' title='bbox 359 4565 556 4632; x_wconf 87' lang='lat' dir='ltr'><strong>carminibus</strong></span> <span class='ocrx_word' id='word_1_299' title='bbox 575 4568 777 4654; x_wconf 87' lang='lat' dir='ltr'><strong>praemissae</strong></span> <span class='ocrx_word' id='word_1_300' title='bbox 799 4569 940 4634; x_wconf 88' lang='lat' dir='ltr'><strong>auctoris</strong></span> <span class='ocrx_word' id='word_1_301' title='bbox 962 4575 1079 4656; x_wconf 87' lang='lat' dir='ltr'><strong>poetae</strong></span> <span class='ocrx_word' id='word_1_302' title='bbox 1101 4590 1229 4652; x_wconf 89' lang='lat' dir='ltr'><strong>nomen,</strong></span> <span class='ocrx_word' id='word_1_303' title='bbox 1251 4567 1330 4634; x_wconf 85' lang='lat' dir='ltr'><strong>item</strong></span> <span class='ocrx_word' id='word_1_304' title='bbox 1351 4575 1490 4632; x_wconf 88' lang='lat' dir='ltr'><strong>metrum</strong></span> <span class='ocrx_word' id='word_1_305' title='bbox 1513 4575 1546 4631; x_wconf 90' lang='lat' dir='ltr'><strong>et</strong></span> <span class='ocrx_word' id='word_1_306' title='bbox 1569 4576 1699 4634; x_wconf 90' lang='lat' dir='ltr'><strong>cantum</strong></span> <span class='ocrx_word' id='word_1_307' title='bbox 1720 4567 1864 4634; x_wconf 86' lang='lat' dir='ltr'><strong>indicare</strong></span> <span class='ocrx_word' id='word_1_308' title='bbox 1888 4569 2001 4636; x_wconf 89' lang='lat' dir='ltr'><strong>solent.</strong></span> 
     </span>
     <span class='ocr_line' id='line_1_31' title="bbox 359 4693 2001 4782; baseline 0.002 -26"><span class='ocrx_word' id='word_1_309' title='bbox 359 4693 526 4758; x_wconf 88' lang='lat' dir='ltr'><strong>Invenitur</strong></span> <span class='ocrx_word' id='word_1_310' title='bbox 539 4695 574 4759; x_wconf 92' lang='lat' dir='ltr'><strong>in</strong></span> <span class='ocrx_word' id='word_1_311' title='bbox 589 4693 640 4760; x_wconf 85' lang='lat' dir='ltr'><strong>his</strong></span> <span class='ocrx_word' id='word_1_312' title='bbox 654 4695 760 4782; x_wconf 89' lang='lat' dir='ltr'><strong>poetis</strong></span> <span class='ocrx_word' id='word_1_313' title='bbox 776 4696 873 4761; x_wconf 91' lang='lat' dir='ltr'><strong>etiam</strong></span> <span class='ocrx_word' id='word_1_314' title='bbox 888 4717 971 4762; x_wconf 84' lang='lat' dir='ltr'><strong>unus</strong></span> <span class='ocrx_word' id='word_1_315' title='bbox 986 4697 1152 4760; x_wconf 89' lang='lat' dir='ltr'><strong>rarissimo</strong></span> <span class='ocrx_word' id='word_1_316' title='bbox 1167 4697 1297 4760; x_wconf 91' lang='lat' dir='ltr'><strong>nomine</strong></span> <span class='ocrx_word' id='word_1_317' title='bbox 1309 4693 1448 4760; x_wconf 89' lang='lat' dir='ltr'><strong>Bileami</strong></span> <span class='ocrx_word' id='word_1_318' title='bbox 1462 4693 1578 4778; x_wconf 78' lang='lat' dir='ltr'><strong>dicture,</strong></span> <span class='ocrx_word' id='word_1_319' title='bbox 1593 4703 1707 4760; x_wconf 87' lang='lat' dir='ltr'><strong>auctor</strong></span> <span class='ocrx_word' id='word_1_320' title='bbox 1722 4696 1873 4760; x_wconf 78' lang='lat' dir='ltr'><strong>carminis</strong></span> <span class='ocrx_word' id='word_1_321' title='bbox 1889 4719 1937 4762; x_wconf 90' lang='lat' dir='ltr'><strong>nr.</strong></span> <span class='ocrx_word' id='word_1_322' title='bbox 1950 4696 2001 4761; x_wconf 93' lang='grc'><strong>20.</strong></span> 
     </span>
     <span class='ocr_line' id='line_1_32' title="bbox 465 4817 1699 4908; baseline -0.001 -25"><span class='ocrx_word' id='word_1_323' title='bbox 465 4817 499 4906; x_wconf 93' lang='grc'><strong>3)</strong></span> <span class='ocrx_word' id='word_1_324' title='bbox 521 4819 648 4886; x_wconf 86' lang='lat' dir='ltr'><strong>Rituale</strong></span> <span class='ocrx_word' id='word_1_325' title='bbox 662 4821 871 4888; x_wconf 83' lang='lat' dir='ltr'><strong>Karuitarum</strong></span> <span class='ocrx_word' id='word_1_326' title='bbox 886 4845 958 4890; x_wconf 87' lang='lat' dir='ltr'><strong>cum</strong></span> <span class='ocrx_word' id='word_1_327' title='bbox 974 4821 1120 4908; x_wconf 91' lang='lat' dir='ltr'><strong>pluribus</strong></span> <span class='ocrx_word' id='word_1_328' title='bbox 1137 4821 1362 4908; x_wconf 84' lang='lat' dir='ltr'><strong>epithalamiis,</strong></span> <span class='ocrx_word' id='word_1_329' title='bbox 1378 4821 1530 4887; x_wconf 84' lang='lat' dir='ltr'><strong>fohorum</strong></span> <span class='ocrx_word' id='word_1_330' title='bbox 1543 4819 1585 4884; x_wconf 89' lang='grc'><strong>48</strong></span> <span class='ocrx_word' id='word_1_331' title='bbox 1599 4823 1633 4886; x_wconf 88' lang='grc'><strong>11</strong></span> <span class='ocrx_word' id='word_1_332' title='bbox 1648 4823 1699 4887; x_wconf 83' lang='lat'><strong>8⁰.</strong></span> 
     </span>
     <span class='ocr_line' id='line_1_33' title="bbox 463 4943 1999 5036; baseline 0.001 -26"><span class='ocrx_word' id='word_1_333' title='bbox 463 4945 497 5032; x_wconf 89' lang='grc'><strong>4)</strong></span> <span class='ocrx_word' id='word_1_334' title='bbox 520 4943 731 5012; x_wconf 88' lang='lat' dir='ltr'><strong>Midraschim</strong></span> <span class='ocrx_word' id='word_1_335' title='bbox 752 4957 834 5014; x_wconf 85' lang='lat' dir='ltr'><strong>tres:</strong></span> <span class='ocrx_word' id='word_1_336' title='bbox 857 4947 897 5014; x_wconf 92' lang='lat' dir='ltr'><strong>de</strong></span> <span class='ocrx_word' id='word_1_337' title='bbox 912 4947 1100 5016; x_wconf 87' lang='lat' dir='ltr'><strong>Abrahamo</strong></span> <span class='ocrx_word' id='word_1_338' title='bbox 1124 4945 1290 5034; x_wconf 88' lang='lat' dir='ltr'><strong>(foliorum</strong></span> <span class='ocrx_word' id='word_1_339' title='bbox 1310 4947 1364 5036; x_wconf 83' lang='lat'><strong>12)</strong></span> <span class='ocrx_word' id='word_1_340' title='bbox 1374 4945 1423 5036; x_wconf 71' lang='lat'><strong>²¹⁸),</strong></span> <span class='ocrx_word' id='word_1_341' title='bbox 1449 4949 1489 5014; x_wconf 93' lang='lat' dir='ltr'><strong>de</strong></span> <span class='ocrx_word' id='word_1_342' title='bbox 1510 4947 1624 5014; x_wconf 91' lang='lat' dir='ltr'><strong>decem</strong></span> <span class='ocrx_word' id='word_1_343' title='bbox 1637 4947 1834 5034; x_wconf 85' lang='lat' dir='ltr'><strong>martyribus</strong></span> <span class='ocrx_word' id='word_1_344' title='bbox 1849 4947 1999 5014; x_wconf 88' lang='lat' dir='ltr'><strong>versibus</strong></span> 
     </span>
    </p>
   </div>
   <div class='ocr_carea' id='block_1_8' title="bbox 358 5121 2000 5618">
    <p class='ocr_par' dir='ltr' id='par_1_11' title="bbox 358 5121 2000 5618">
     <span class='ocr_line' id='line_1_34' title="bbox 460 5121 1999 5194; baseline 0.002 -18"><span class='ocrx_word' id='word_1_345' title='bbox 460 5121 484 5193; x_wconf 80' lang='grc'><strong>*)</strong></span> <span class='ocrx_word' id='word_1_346' title='bbox 501 5121 547 5177; x_wconf 88' lang='lat' dir='ltr'><strong>De</strong></span> <span class='ocrx_word' id='word_1_347' title='bbox 564 5123 621 5176; x_wconf 91' lang='lat' dir='ltr'><strong>hoc</strong></span> <span class='ocrx_word' id='word_1_348' title='bbox 639 5122 738 5178; x_wconf 91' lang='lat' dir='ltr'><strong>libello</strong></span> <span class='ocrx_word' id='word_1_349' title='bbox 755 5123 810 5180; x_wconf 86' lang='lat' dir='ltr'><strong>Ad.</strong></span> <span class='ocrx_word' id='word_1_350' title='bbox 823 5121 949 5179; x_wconf 87' lang='lat' dir='ltr'><strong>Jellinek</strong></span> <span class='ocrx_word' id='word_1_351' title='bbox 966 5123 984 5178; x_wconf 93' lang='lat' dir='ltr'><strong>l.</strong></span> <span class='ocrx_word' id='word_1_352' title='bbox 997 5124 1015 5177; x_wconf 94' lang='lat' dir='ltr'><strong>l.</strong></span> <span class='ocrx_word' id='word_1_353' title='bbox 1025 5141 1052 5194; x_wconf 87' lang='lat' dir='ltr'><strong>p.</strong></span> <span class='ocrx_word' id='word_1_354' title='bbox 1064 5123 1115 5178; x_wconf 84' lang='grc'><strong>362</strong></span> <span class='ocrx_word' id='word_1_355' title='bbox 1125 5123 1179 5179; x_wconf 84' lang='grc' dir='ltr'><strong>01οε</strong></span> <span class='ocrx_word' id='word_1_356' title='bbox 1198 5123 1374 5194; x_wconf 83' lang='lat' dir='ltr'><strong>Sagenhafte</strong></span> <span class='ocrx_word' id='word_1_357' title='bbox 1384 5123 1586 5194; x_wconf 75' lang='lat' dir='ltr'><strong>Eruithlungen</strong></span> <span class='ocrx_word' id='word_1_358' title='bbox 1598 5140 1654 5178; x_wconf 87' lang='lat' dir='ltr'><strong>von</strong></span> <span class='ocrx_word' id='word_1_359' title='bbox 1665 5121 1812 5177; x_wconf 86' lang='lat' dir='ltr'><strong>Abraham</strong></span> <span class='ocrx_word' id='word_1_360' title='bbox 1823 5125 1999 5179; x_wconf 78' lang='grc'><strong>0111001110-</strong></span> 
     </span>
     <span class='ocr_line' id='line_1_35' title="bbox 360 5205 2000 5276; baseline 0.001 -16"><span class='ocrx_word' id='word_1_361' title='bbox 360 5207 479 5263; x_wconf 78' lang='lat' dir='ltr'><strong>condere</strong></span> <span class='ocrx_word' id='word_1_362' title='bbox 501 5223 557 5262; x_wconf 84' lang='lat' dir='ltr'><strong>von</strong></span> <span class='ocrx_word' id='word_1_363' title='bbox 575 5205 630 5262; x_wconf 90' lang='lat' dir='ltr'><strong>deu</strong></span> <span class='ocrx_word' id='word_1_364' title='bbox 646 5207 755 5276; x_wconf 80' lang='lat' dir='ltr'><strong>Judeu,</strong></span> <span class='ocrx_word' id='word_1_365' title='bbox 780 5208 826 5262; x_wconf 90' lang='grc'><strong>(110</strong></span> <span class='ocrx_word' id='word_1_366' title='bbox 847 5215 930 5262; x_wconf 91' lang='lat' dir='ltr'><strong>unter</strong></span> <span class='ocrx_word' id='word_1_367' title='bbox 946 5209 1002 5264; x_wconf 91' lang='lat' dir='ltr'><strong>deu</strong></span> <span class='ocrx_word' id='word_1_368' title='bbox 1024 5209 1080 5264; x_wconf 88' lang='lat' dir='ltr'><strong>den</strong></span> <span class='ocrx_word' id='word_1_369' title='bbox 1095 5213 1191 5264; x_wconf 79' lang='lat' dir='ltr'><strong>ersten</strong></span> <span class='ocrx_word' id='word_1_370' title='bbox 1206 5209 1343 5264; x_wconf 79' lang='lat' dir='ltr'><strong>Ernvater</strong></span> <span class='ocrx_word' id='word_1_371' title='bbox 1358 5207 1629 5265; x_wconf 85' lang='lat' dir='ltr'><strong>hochverehrenden</strong></span> <span class='ocrx_word' id='word_1_372' title='bbox 1645 5207 1889 5263; x_wconf 86' lang='lat' dir='ltr'><strong>Muhamedanern</strong></span> <span class='ocrx_word' id='word_1_373' title='bbox 1903 5208 2000 5264; x_wconf 87' lang='lat' dir='ltr'><strong>labten</strong></span> 
     </span>
     <span class='ocr_line' id='line_1_36' title="bbox 359 5291 1999 5365; baseline 0.002 -21"><span class='ocrx_word' id='word_1_374' title='bbox 359 5291 579 5362; x_wconf 84' lang='lat' dir='ltr'><strong>ausgearbcitet.</strong></span> <span class='ocrx_word' id='word_1_375' title='bbox 614 5291 713 5346; x_wconf 87' lang='lat' dir='ltr'><strong>Dabar</strong></span> <span class='ocrx_word' id='word_1_376' title='bbox 729 5291 793 5346; x_wconf 86' lang='lat' dir='ltr'><strong>sind</strong></span> <span class='ocrx_word' id='word_1_377' title='bbox 811 5293 852 5348; x_wconf 86' lang='lat' dir='ltr'><strong>sie</strong></span> <span class='ocrx_word' id='word_1_378' title='bbox 864 5291 1064 5364; x_wconf 81' lang='lat' dir='ltr'><strong>urspriinglich</strong></span> <span class='ocrx_word' id='word_1_379' title='bbox 1081 5293 1214 5348; x_wconf 85' lang='lat' dir='ltr'><strong>arabisch</strong></span> <span class='ocrx_word' id='word_1_380' title='bbox 1227 5291 1424 5365; x_wconf 83' lang='lat' dir='ltr'><strong>geschrieben.</strong></span> <span class='ocrx_word' id='word_1_381' title='bbox 1458 5291 1568 5348; x_wconf 88' lang='lat' dir='ltr'><strong>Unsere</strong></span> <span class='ocrx_word' id='word_1_382' title='bbox 1639 5292 1820 5362; x_wconf 79' lang='lat' dir='ltr'><strong>beginntmit</strong></span> <span class='ocrx_word' id='word_1_383' title='bbox 1832 5292 1999 5350; x_wconf 70' lang='grc'><strong>(1011310111-</strong></span> 
     </span>
     <span class='ocr_line' id='line_1_37' title="bbox 358 5375 1999 5448; baseline 0.001 -18"><span class='ocrx_word' id='word_1_384' title='bbox 358 5375 437 5448; x_wconf 89' lang='lat' dir='ltr'><strong>lung,</strong></span> <span class='ocrx_word' id='word_1_385' title='bbox 455 5377 520 5430; x_wconf 88' lang='lat' dir='ltr'><strong>dass</strong></span> <span class='ocrx_word' id='word_1_386' title='bbox 535 5375 566 5429; x_wconf 91' lang='lat' dir='ltr'><strong>in</strong></span> <span class='ocrx_word' id='word_1_387' title='bbox 582 5376 633 5430; x_wconf 91' lang='lat' dir='ltr'><strong>der</strong></span> <span class='ocrx_word' id='word_1_388' title='bbox 644 5375 747 5444; x_wconf 89' lang='lat' dir='ltr'><strong>Nacht,</strong></span> <span class='ocrx_word' id='word_1_389' title='bbox 764 5377 793 5430; x_wconf 90' lang='lat' dir='ltr'><strong>in</strong></span> <span class='ocrx_word' id='word_1_390' title='bbox 810 5377 934 5432; x_wconf 82' lang='lat' dir='ltr'><strong>welcher</strong></span> <span class='ocrx_word' id='word_1_391' title='bbox 944 5376 1091 5434; x_wconf 87' lang='lat' dir='ltr'><strong>Abraham</strong></span> <span class='ocrx_word' id='word_1_392' title='bbox 1106 5378 1233 5448; x_wconf 88' lang='lat' dir='ltr'><strong>geboren</strong></span> <span class='ocrx_word' id='word_1_393' title='bbox 1249 5379 1353 5448; x_wconf 84' lang='lat' dir='ltr'><strong>wurde,</strong></span> <span class='ocrx_word' id='word_1_394' title='bbox 1371 5379 1417 5433; x_wconf 90' lang='lat' dir='ltr'><strong>ein</strong></span> <span class='ocrx_word' id='word_1_395' title='bbox 1433 5377 1654 5447; x_wconf 79' lang='lat' dir='ltr'><strong>merkwtirdiger</strong></span> <span class='ocrx_word' id='word_1_396' title='bbox 1665 5376 1851 5432; x_wconf 88' lang='lat' dir='ltr'><strong>hellerStern</strong></span> <span class='ocrx_word' id='word_1_397' title='bbox 1862 5393 1907 5431; x_wconf 88' lang='lat' dir='ltr'><strong>am</strong></span> <span class='ocrx_word' id='word_1_398' title='bbox 1919 5375 1999 5432; x_wconf 89' lang='lat' dir='ltr'><strong>Him-</strong></span> 
     </span>
     <span class='ocr_line' id='line_1_38' title="bbox 358 5459 1999 5534; baseline 0.002 -20"><span class='ocrx_word' id='word_1_399' title='bbox 358 5460 414 5514; x_wconf 89' lang='lat' dir='ltr'><strong>mel</strong></span> <span class='ocrx_word' id='word_1_400' title='bbox 431 5459 576 5528; x_wconf 70' lang='lat' dir='ltr'><strong>erachiam</strong></span> <span class='ocrx_word' id='word_1_401' title='bbox 597 5461 647 5515; x_wconf 88' lang='lat' dir='ltr'><strong>der</strong></span> <span class='ocrx_word' id='word_1_402' title='bbox 662 5461 722 5515; x_wconf 85' lang='lat' dir='ltr'><strong>viar</strong></span> <span class='ocrx_word' id='word_1_403' title='bbox 738 5459 838 5516; x_wconf 89' lang='lat' dir='ltr'><strong>Sterne</strong></span> <span class='ocrx_word' id='word_1_404' title='bbox 855 5461 1033 5533; x_wconf 84' lang='lat' dir='ltr'><strong>verechlang.</strong></span> <span class='ocrx_word' id='word_1_405' title='bbox 1075 5461 1207 5534; x_wconf 86' lang='lat' dir='ltr'><strong>Nimrod,</strong></span> <span class='ocrx_word' id='word_1_406' title='bbox 1225 5465 1276 5518; x_wconf 89' lang='lat' dir='ltr'><strong>der</strong></span> <span class='ocrx_word' id='word_1_407' title='bbox 1292 5464 1370 5518; x_wconf 85' lang='lat' dir='ltr'><strong>aeine</strong></span> <span class='ocrx_word' id='word_1_408' title='bbox 1385 5463 1504 5518; x_wconf 85' lang='lat' dir='ltr'><strong>Weisen</strong></span> <span class='ocrx_word' id='word_1_409' title='bbox 1521 5462 1645 5517; x_wconf 88' lang='lat' dir='ltr'><strong>dariiber</strong></span> <span class='ocrx_word' id='word_1_410' title='bbox 1660 5460 1804 5532; x_wconf 84' lang='lat' dir='ltr'><strong>befragte,</strong></span> <span class='ocrx_word' id='word_1_411' title='bbox 1830 5461 1932 5518; x_wconf 89' lang='lat' dir='ltr'><strong>erhiclt</strong></span> <span class='ocrx_word' id='word_1_412' title='bbox 1948 5482 1999 5518; x_wconf 84' lang='lat' dir='ltr'><strong>aur</strong></span> 
     </span>
     <span class='ocr_line' id='line_1_39' title="bbox 359 5544 1999 5618; baseline 0.003 -20"><span class='ocrx_word' id='word_1_413' title='bbox 359 5544 498 5614; x_wconf 82' lang='lat' dir='ltr'><strong>Antwort,</strong></span> <span class='ocrx_word' id='word_1_414' title='bbox 512 5545 579 5600; x_wconf 85' lang='lat' dir='ltr'><strong>dass</strong></span> <span class='ocrx_word' id='word_1_415' title='bbox 599 5547 645 5600; x_wconf 89' lang='lat' dir='ltr'><strong>ein</strong></span> <span class='ocrx_word' id='word_1_416' title='bbox 657 5546 857 5601; x_wconf 87' lang='lat' dir='ltr'><strong>Wunderkind</strong></span> <span class='ocrx_word' id='word_1_417' title='bbox 874 5546 953 5602; x_wconf 87' lang='grc'><strong>(11000</strong></span> <span class='ocrx_word' id='word_1_418' title='bbox 965 5547 1061 5604; x_wconf 88' lang='lat' dir='ltr'><strong>Naoht</strong></span> <span class='ocrx_word' id='word_1_419' title='bbox 1077 5548 1170 5602; x_wconf 77' lang='lat' dir='ltr'><strong>werde</strong></span> <span class='ocrx_word' id='word_1_420' title='bbox 1186 5549 1311 5618; x_wconf 86' lang='lat' dir='ltr'><strong>geboren</strong></span> <span class='ocrx_word' id='word_1_421' title='bbox 1328 5549 1449 5603; x_wconf 86' lang='lat' dir='ltr'><strong>werden.</strong></span> <span class='ocrx_word' id='word_1_422' title='bbox 1483 5545 1546 5602; x_wconf 76' lang='lat' dir='ltr'><strong>huf</strong></span> <span class='ocrx_word' id='word_1_423' title='bbox 1560 5547 1615 5602; x_wconf 90' lang='lat' dir='ltr'><strong>den</strong></span> <span class='ocrx_word' id='word_1_424' title='bbox 1626 5546 1703 5602; x_wconf 85' lang='lat' dir='ltr'><strong>Rath</strong></span> <span class='ocrx_word' id='word_1_425' title='bbox 1723 5547 1773 5602; x_wconf 90' lang='lat' dir='ltr'><strong>der</strong></span> <span class='ocrx_word' id='word_1_426' title='bbox 1785 5546 1886 5604; x_wconf 89' lang='lat' dir='ltr'><strong>Vesire</strong></span> <span class='ocrx_word' id='word_1_427' title='bbox 1903 5549 1999 5604; x_wconf 81' lang='lat' dir='ltr'><strong>wurdo</strong></span> 
     </span>
    </p>
   </div>
   <div class='ocr_carea' id='block_1_9' title="bbox 0 0 2626 6616">
    <p class='ocr_par' dir='ltr' id='par_1_12' title="bbox 0 0 2626 6616">
     <span class='ocr_line' id='line_1_40' title="bbox 0 0 2626 6616; baseline 0 0"><span class='ocrx_word' id='word_1_428' title='bbox 0 0 2626 6616; x_wconf 95' lang='lat' dir='ltr'><strong> </strong></span> 
     </span>
    </p>
   </div>
  </div>
 </body>
</html>
