5244 6618
589 695 632 762 52

594 902 705 987 νήσητε·
727 903 785 969 ἀλλ’
811 903 864 970 εἴτε
886 905 996 970 ε’σθίετε
1014 901 1068 970 εἴτε
1086 907 1178 971 πίνετε
1200 903 1253 970 εἴτε
1275 903 1382 972 όδεόετε

595 1028 652 1096 είτί
667 1057 694 1096 τι
700 1026 726 1118 ¹)
746 1042 856 1106 ποιεῖτε,
872 1031 1057 1106 ἀδιάλειπτος
1070 1032 1184 1117 κράζετε
1193 1032 1281 1117 Κῦριε
1291 1033 1382 1117 Ἰησοῦ

593 1155 701 1242 Χριστὲ
714 1156 754 1223 υἱὲ
766 1163 816 1224 τοῦ
829 1162 901 1224 θεοῦ
914 1158 1025 1242 ἐλέησον
1038 1159 1119 1244 ἡμᾶς.
1131 1159 1316 1234 ἀδιαλείπτως
1327 1160 1382 1245 γάρ

594 1311 676 1369 φησιν
691 1283 707 1353 ὁ
722 1295 802 1359 θεῖος
818 1285 975 1359 ἀπόστολος
988 1284 1188 1370 προσεύχεσθε,
1201 1285 1286 1372 χωρὶς
1300 1287 1382 1372 ὀργῆς

592 1409 640 1477 καὶ
655 1417 837 1496 διαλογισμοῦ.

653 1539 742 1604 Ἀλλά
764 1537 813 1604 καί
835 1538 850 1606 ὁ
873 1549 953 1613 θεῖος
972 1539 1113 1626 Διάδοχος
1129 1541 1267 1617 Ἀπαιτεῖ,
1288 1544 1380 1626 φησίν,

592 1665 665 1749 ήμάς
686 1665 801 1740 πάντας
821 1666 838 1734 ὁ
859 1672 935 1742 νοῦς,
959 1665 1029 1734 όταν
1049 1667 1147 1741 πάσας
1167 1667 1221 1742 τάς
1243 1667 1381 1746 διεξόδους

593 1791 679 1859 αῦτοῦ
704 1799 739 1876 τή
763 1792 852 1878 μνήμη
878 1793 1086 1879 άποφράξωμεν
1111 1801 1161 1862 τοῦ
1186 1800 1272 1871 θεοῦ,
1303 1795 1381 1880 ἔργον

593 1921 708 2002 ὀφεῖλον
723 1921 809 1986 αι’τοῦ
822 1926 943 2004 πληροῦν
957 1919 1007 2006 τήν
1021 1922 1181 2007 ἀντρίχειαν.
1194 1928 1238 1987 δεῖ
1246 1917 1294 1988 οῦν
1303 1923 1380 2004 ainsi

593 2047 698 2114 διδόναι
711 2047 744 2115 τὸ
755 2047 842 2131 Κόρα
853 2047 942 2131 Ἰησοῦ
950 2051 1065 2133 Χριστέ,
1080 2051 1119 2122 είς
1133 2047 1280 2134 ὁλόκληρον
1294 2077 1380 2135 πραγ-

590 2176 708 2257 ματείαν
731 2179 780 2240 τοῦ
803 2179 920 2240 σκοποῦ·
943 2173 1030 2250 οὐδεὶς
1051 2176 1104 2260 γάρ
1123 2202 1190 2261 φησι
1206 2179 1276 2262 λέγει
1288 2178 1379 2262 νόριον

589 2301 694 2384 Ἰησοῦν
717 2303 743 2367 εί
758 2301 795 2386 μή
816 2303 844 2368 έν
861 2302 995 2385 πνεῦματι
1014 2301 1092 2388 άγίιρ.
1107 2300 1168 2371 ὅσοι
1181 2303 1235 2389 γάρ
1249 2309 1331 2370 τοῦτο
1345 2305 1379 2372 τὸ

591 2425 669 2513 άγιον
691 2427 739 2494 καὶ
760 2430 871 2507 ἔνδοξον
892 2428 980 2512 ὄνομα
1003 2434 1043 2511 τοῦ
1065 2431 1153 2515 βάθει
1169 2435 1316 2514 μελετῶσιν
1335 2429 1379 2498 ἀεὶ

590 2561 639 2640 τής
661 2557 779 2640 καρδίας
803 2556 964 2631 άπαῦστοις,
988 2554 1067 2622 sisoi
1085 2556 1133 2623 καὶ
1151 2558 1184 2625 τὸ
1204 2563 1266 2642 φῶς
1284 2559 1377 2626 αῦτοῦν

590 2689 640 2750 τοῦ
653 2688 702 2749 νοῦ
716 2683 848 2749 δόνανται
867 2681 937 2766 ὁρᾶν
950 2684 1026 2749 ποτέ.
1041 2683 1138 2750 πάντα
1152 2683 1269 2770 γάρνῦν
1283 2685 1376 2753 ε’πιπο

589 2809 713 2888 λάζοντα
730 2810 865 2892 ῥόπονπή
883 2814 961 2894 ψυχή
985 2811 1014 2876 ἓν
1037 2811 1169 2895 αισθήσει
1192 2813 1272 2896 ἱκανή
1290 2841 1375 2878 κατα-

588 2939 690 3022 φλάγει·
705 2935 753 3002 καὶ
767 2937 851 3021 γάρὸ
870 2937 941 3010 θεὸς
957 2935 1035 3020 ήμοῦν
1053 2935 1120 3022 φησὶ
1137 2943 1193 3023 πῦρ
1212 2942 1378 3007 καταναλάε-

588 3093 645 3132 κον.
664 3061 734 3133 ὅθεν
749 3066 787 3139 είς
802 3064 914 3149 ἀγάπην
930 3064 1027 3130 λοιπὸν
1041 3065 1145 3151 πολλήν
1158 3066 1209 3149 τήν
1222 3065 1314 3153 ψυχήν
1328 3073 1377 3152 τής

589 3193 689 3258 ἑαυτοῦ
703 3191 785 3275 δόξης
798 3197 996 3276 προσκαλεῖται
1010 3191 1025 3258 ὁ
1040 3193 1142 3277 κόρας·
1157 3194 1311 3278 ε’γγρονίζον
1322 3194 1376 3279 γάρ

589 3319 622 3386 τό
642 3321 752 3398 ἔνδοξον
771 3319 856 3384 ἐκεῖνο
874 3316 922 3383 καὶ
939 3319 1139 3402 πολυπόθητον
1157 3318 1246 3402 ὄνομα
1266 3321 1312 3386 διά
1326 3326 1376 3405 τῆς

588 3447 692 3530 μνήμης
713 3451 762 3512 ¹⁰¹3
782 3451 830 3511 vm]
850 3450 884 3529 'fi
907 3447 998 3530 θὲεθθ
1019 3451 1069 3530 τῆς
1090 3450 1215 3530 καεόίὰςι
1238 3447 1293 3526 ἷξεν
1313 3447 1376 3532 ἡμῖν

587 3574 702 3648 πάντας
719 3575 827 3657 ἐμποιεῖ
838 3578 888 3639 τοῦ
902 3573 1019 3658 ἀγαπᾶν
1032 3573 1082 3660 τήν
1097 3575 1182 3641 αῦτοῦ
1196 3575 1375 3658 ἀγαθότητα.

587 3695 668 3776 οῦτος
685 3701 739 3785 γάρ
758 3699 831 3766 ἔστιν
849 3698 1049 3785 ὁμαργαρίτης
1067 3701 1083 3768 ὁ
1102 3701 1257 3785 πολότιμος,
1279 3701 1375 3770 ὅντινα

586 3827 720 3912 πωλήσας
732 3826 775 3901 τίς
794 3826 843 3910 τήν
865 3830 1025 3912 περιουσίαν
1048 3829 1133 3895 αῦτοῦ
1154 3828 1240 3914 εῦρεῖν
1259 3829 1376 3896 δόναται

588 3953 636 4021 καί
658 3957 726 4040 ἔχειν
745 3955 931 4038 ἀνεκλάλητον
950 3952 996 4020 ἐπὶ
1010 3961 1044 4039 τή
1059 3956 1145 4022 αῦτοῦ
1159 3955 1259 4040 εῦρίσει
1271 3957 1373 4042 χαράν.

587 4079 635 4148 καὶ
642 4081 748 4166 μακρὸν
756 4079 791 4146 ἀν
798 4079 838 4165 εἴη
845 4084 929 4166 λέγειν
937 4083 990 4156 τάς
1000 4080 1062 4166 περὶ
1073 4083 1172 4148 τοῦτον
1183 4081 1230 4148 καὶ
1239 4085 1278 4157 εἰς
1290 4089 1373 4151 τοῦτο

587 4214 644 4276 τοῦν
662 4208 812 4292 θεοφόροκν
831 4210 960 4292 πατέρων
978 4208 1126 4293 είσηγήσεις
1140 4209 1187 4276 καί
1201 4210 1372 4294 προτροπάς.

649 4336 867 4420 Ἰσχυριζομίνοιν
889 4337 980 4401 τοίνυν
1001 4341 1058 4400 τιῦν
1078 4343 1208 4422 μοναγοῦν
1229 4343 1279 4422 τῆς
1296 4365 1373 4404 πνευ

586 4462 768 4546 ματοκινήτοο
793 4467 849 4528 τοῖν
873 4461 1024 4547 θεοφόροιν
1045 4465 1170 4537 διανοίας
1188 4463 1329 4547 ἐπιτερπές
1342 4491 1373 4530 τε

586 4587 635 4655 καί
655 4601 736 4656 θεῖον
751 4590 781 4666 ίξ
796 4588 882 4674 ἀρχῆς
901 4590 971 4654 εἶναι
987 4589 1124 4674 μθέεημα
1143 4590 1193 4675 τήν
1211 4589 1291 4675 εῦχήν
1309 4591 1373 4656 ταῦ

584 4743 642 4800 την,
665 4713 726 4800 άμα
748 4713 844 4781 δὲκαὶ
865 4717 1036 4800 βονλομθων
1054 4717 1152 4801 ἐφεξῆς
1171 4721 1299 4802 συνείρειν
1317 4715 1372 4785 ὅσα

584 4840 647 4927 περὶ
668 4843 753 4926 αῦτής
772 4843 800 4908 ἐν
819 4853 878 4916 τοῖς
898 4848 955 4909 νῦν
970 4841 1057 4927 άγίοεν
1070 4843 1262 4928 συγγράμμασι
1275 4855 1372 4920 κεῖται,

584 4969 642 5037 οἷόν
662 4971 719 5036 ἐστι
737 4968 785 5035 καὶ
803 4968 836 5036 τὸ
850 4970 987 5053 εἰρημένον
1001 4973 1042 5050 τῷ
1056 4969 1102 5036 διά
1116 4969 1205 5054 λόγων
1220 4973 1371 5055 δειμαμένῳ

583 5097 632 5181 τήν
656 5099 777 5180 κλίμακα
801 5101 850 5179 τῆς
875 5101 1057 5180 πνευματικῆς
1087 5096 1260 5181 ἀναβάσεως.
1281 5096 1371 5182 μνήμη

687 5241 703 5302 ¹)
722 5235 869 5290 Eiusmodi
881 5236 918 5289 sd
930 5237 1045 5291 modum
1059 5236 1168 5292 codicis
1182 5238 1381 5308 expressimus.

683 5324 704 5384 λ)
722 5319 768 5374 lta
780 5325 939 5376 correctum
951 5327 996 5374 est
1009 5337 1043 5375 ex
1054 5321 1086 5375 τό
1098 5353 1115 5363 -
1126 5354 1141 5363 -
1153 5326 1310 5392 νενοημένον.

1449 904 1503 988 γάρ
1516 929 1599 989 φησιν
1610 903 1699 988 Ἰησοῦ
1711 903 1876 990 κολληθήτα
1891 912 1925 988 τῇ
1939 911 2011 989 πνοή
2025 933 2092 982 σου,
2113 906 2161 973 κατ’
2174 907 2239 974 τότε

1449 1029 1508 1114 siim
1521 1031 1637 1117 ήσυγίας
1650 1031 1794 1116 ἀφελειαν.

1516 1163 1643 1225 Τοιαῦτα
1674 1161 1911 1243 προθυμουμένων
1943 1161 2041 1244 ἐφεξῆς
2068 1162 2154 1246 λέγειν
2182 1168 2239 1228 τιῦν

1448 1283 1618 1370 μοναγῦν,ῦ
1639 1285 1678 1351 τά
1696 1285 1793 1352 πάντα
1809 1284 1972 1370 θαυμάσιος
1988 1287 2125 1373 βασιλεῦς,
2146 1293 2194 1356 νῦν
2209 1287 2239 1354 δὲ

1448 1409 1495 1478 καὶ
1509 1413 1638 1496 μακαρίῳ
1651 1415 1721 1478 τέλει
1734 1415 1920 1487 κατακλείσας
1934 1414 1983 1480 τόν
1996 1417 2066 1499 βίον,
2077 1413 2117 1489 οῦς
2126 1416 2238 1500 χριστός

1448 1541 1541 1623 κυρίου
1555 1539 1604 1606 τόν
1617 1538 1687 1624 ὑπὲρ
1700 1546 1750 1606 τοῦ
1761 1543 1911 1625 χρίσαντος
1921 1547 2048 1624 Χριστοῦ
2057 1542 2139 1626 λόγον
2151 1538 2237 1618 αῦθις

1448 1665 1613 1752 ίπολιιβόν,
1637 1667 1711 1732 Ἀλλ’
1741 1667 1828 1742 ἔστω,
1853 1669 1936 1751 φησί,
1958 1665 2006 1734 καὶ
2027 1669 2157 1736 δεδόσθω
2180 1675 2237 1736 νῦν

1448 1794 1698 1871 κακοδόξουντοῦτο
1710 1793 1772 1860 τινά
1785 1794 1875 1878 φάναι
1887 1793 1937 1879 τήν
1954 1795 2050 1879 ἀργήν,
2065 1795 2143 1864 οῦδὲν
2154 1798 2236 1882 παρά

1447 1923 1528 1986 τοῦθ’
1552 1919 1615 2004 ήμῖν
1637 1921 1771 2006 ἔγκλημα,
1797 1927 1891 1995 καλῶς
1910 1923 2059 2006 χρωμένας
2079 1929 2120 2005 τῷ
2142 1930 2236 2000 κακῶς

1447 2047 1557 2122 ι’κείνοις
1570 2045 1762 2133 νενοημένφῖ).
1783 2046 1844 2114 οῦδὲ
1858 2049 1913 2132 γάρ
1927 2049 2018 2134 ἐπειδή
2032 2049 2103 2117 θεόν
2117 2051 2236 2136 οῦρανοῦ

1447 2176 1570 2260 λέγουσιν
1588 2175 1615 2240 οἱ
1628 2176 1751 2258 Πέρσαι,
1771 2175 1820 2242 τὸν
1832 2173 1996 2262 Ἀβραάμθ)
2015 2183 2110 2253 κακοῖς
2123 2179 2234 2263 ι’ροῦμεν

1447 2303 1531 2368 stiriis
1558 2301 1607 2370 τὸν
1636 2301 1707 2368 θεόν
1735 2307 1785 2368 τοῦ
1812 2301 1931 2386 οῦρανοῦ
1956 2303 2008 2388 ἐγώ
2030 2307 2154 2390 σέβομαι.
2174 2307 2230 2374 οῦδ’

1446 2427 1538 2513 ἐπειδή
1563 2429 1731 2514 κοσμοποιόν
1755 2434 1819 2495 νοῦν
1835 2426 1962 2512 Ἕλληνες
1989 2429 2061 2514 φασί
2082 2433 2131 2500 τόν
2152 2434 2231 2509 θεόν,

1443 2554 1520 2640 ἡμεῖς
1546 2562 1644 2622 τοῦτον
1670 2561 1720 2622 τοῦ
1746 2556 1850 2639 κόσμου
1875 2557 1989 2642 ποιητήν
2013 2558 2062 2624 οῦκ
2083 2559 2232 2645 ε’ροῦμενή

1444 2687 1528 2748 τοῦτο
1550 2685 1681 2768 λέγοντες.
1705 2683 1898 2767 ε’γιάηθείημεν
1921 2682 1957 2750 ἀν
1979 2687 2093 2761 δικοάοις
2111 2686 2151 2763 οῦς
2168 2689 2230 2754 κατ’

1442 2809 1560 2884 ε’κείνους
1579 2813 1752 2894 φρονοῦντες.
1798 2807 1926 2894 Ἕλληνες
1951 2809 2000 2896 μέν
2021 2813 2075 2897 γάρ
2097 2814 2147 2900 τήν
2167 2813 2232 2900 ῦλην

1445 2935 1577 3020 ἀγένητον
1599 2934 1646 3002 καί
1667 2941 1708 3016 τῷ
1729 2941 1791 3017 θεοῦ
1812 2939 1952 3003 συνικίδιον
1972 2940 2112 3023 λέγοντες,
2139 2944 2165 3008 εί
2183 2941 2231 3008 καὶ

1443 3062 1558 3146 ποιητήν
1579 3061 1651 3146 φασὶ
1672 3068 1722 3128 τοῦ
1744 3063 1848 3146 κόσμου
1867 3065 1944 3139 θεόν,
1967 3065 2026 3130 ἀλλ’
2049 3068 2098 3153 οῦχ
2112 3068 2152 3144 ὡς
2165 3097 2230 3154 προ

1445 3191 1555 3275 αγωγέα
1578 3195 1627 3256 τοῦ
1647 3190 1730 3275 μήπου
1750 3191 1885 3274 πρότερον
1905 3196 2039 3276 μηδαμῶς
2056 3192 2145 3270 ὄντος,
2168 3195 2227 3260 ἀλλ’

1443 3315 1483 3391 ὡς
1496 3323 1546 3383 τοῦ
1559 3315 1640 3392 όντος
1653 3317 1825 3401 κοσμήτορα,
1844 3317 1923 3396 τάξιν
1937 3319 2021 3402 μόνον
2035 3318 2082 3386 καὶ
2096 3323 2168 3396 εἶδος
2181 3321 2229 3388 καὶ

1442 3445 1524 3511 θέσιν
1539 3444 1697 3528 ἐναρμόνιον
1710 3446 1901 3528 προστιθέντα
1915 3457 1974 3520 τοῖς
1988 3442 2056 3522 οῦσι,
2071 3453 2166 3532 μικροῦ
2180 3455 2229 3533 τῆς

1442 3571 1503 3636 κατ’
1519 3571 1692 3656 ἀνθρώπως
1705 3573 1800 3656 τέχνης
1812 3569 1895 3655 μηδὲν
1908 3575 1992 3638 πλέον
2006 3579 2040 3657 τή
2054 3575 2165 3658 δυνάμει
2179 3583 2229 3642 τοῦ

1441 3703 1513 3764 θεοῦ
1534 3699 1670 3782 νέμοντες·
1692 3697 1768 3782 ἡμεῖς
1790 3696 1820 3763 δὲ
1841 3699 1890 3782 τήν
1911 3701 1950 3773 είς
1968 3699 2001 3767 τό
2020 3702 2089 3767 εἶναι
2108 3702 2228 3786 πρόοδον

1442 3826 1472 3890 ἐκ
1490 3825 1526 3910 μή
1546 3823 1634 3894 όντων
1653 3825 1691 3892 τά
1704 3825 1800 3891 πάντα
1815 3829 1956 3904 δεξασθαι
1971 3828 2144 3904 πιστεῦοντες
2157 3830 2228 3915 πρὸς

1440 3957 1520 4027 θεοῦ,
1541 3951 1655 4036 ποιητήν
1678 3953 1796 4037 ου’ρανοῦ
1816 3951 1864 4020 καὶ
1889 3959 1938 4038 γής
1957 3951 2005 4020 καί
2026 3960 2083 4022 τῶν
2104 3957 2133 4022 ἕν
2153 3959 2228 4041 μάκῳ

1440 4079 1537 4146 τοῦτον
1566 4079 1686 4165 ἀκριβοῦς
1714 4080 1886 4165 γινώσκομεν.
1909 4077 1981 4148 οῦτοι
2004 4080 2052 4148 καὶ
2077 4089 2149 4150 θεοῦ
2169 4085 2228 4152 υἱόν

1440 4205 1489 4273 τόν
1509 4203 1599 4290 κόριον
1620 4205 1696 4291 ήμοιν
1713 4207 1817 4291 Ἰησοῦν
1834 4208 1961 4290 Χριστὸν
1978 4210 2110 4293 λέγοντες,
2132 4211 2228 4296 ῦμνοῦ·

1439 4358 1488 4416 μεν
1509 4330 1558 4398 καί
1581 4331 1762 4419 ε’πιβοοόμεθα
1783 4334 1868 4401 αι’τῦν
1889 4334 1930 4409 οῦς
1950 4336 2021 4404 θεὸν
2039 4337 2176 4422 ἀληθινόν
2197 4339 2227 4404 ἐκ

1439 4466 1512 4526 θεοῦ
1534 4460 1677 4544 ἀληθινοῦ,
1701 4459 1748 4526 καὶ
1769 4460 1818 4545 τήν
1839 4467 1889 4528 τοῦ
1909 4465 1968 4528 υίοῦ
1986 4465 2113 4548 θεότητα
2131 4464 2226 4550 ὁμολο-

1439 4592 1550 4672 γοῦντες
1569 4585 1616 4653 καὶ
1639 4587 1688 4654 τόν
1708 4585 1796 4654 αἴτιον
1814 4594 1849 4672 τή
1869 4595 1918 4656 τοῦ
1935 4592 1995 4658 υἱοῦ
2012 4591 2127 4675 θεότητι
2141 4619 2225 4677 προσ-

1437 4719 1645 4799 μαρτυροῦντες.
1666 4713 1738 4800 saa?
1757 4713 1787 4780 δέ
1804 4713 1852 4781 καὶ
1870 4718 2075 4792 Μασαλιανοῦς
2095 4717 2143 4785 καὶ
2160 4725 2226 4784 Βοι-

1439 4844 1565 4926 γομλους
1593 4841 1642 4926 τήν
1668 4843 1724 4910 ὑπὸ
1753 4848 1802 4909 τοῦ
1828 4847 1922 4928 κυρίου
1945 4855 2004 4919 τοῖς
2030 4845 2118 4930 άγίοις
2139 4846 2226 4912 αῦτοῦ

1438 4979 1584 5054 μαθηταῖς
1601 4967 1649 5034 καὶ
1669 4969 1836 5044 ἀποστόλοις
1852 4975 2076 5056 παραδεδομένον
2090 4971 2225 5058 εῦγεσθαι

1438 5097 1524 5181 εῦγήν.
1540 5098 1570 5162 τί
1580 5091 1641 5172 οῦνς
1656 5096 1853 5181 ἀποσχώμεθα
1867 5099 1970 5181 ταίτης
1984 5097 2059 5182 ἡμεῖς
2073 5099 2119 5163 διά
2131 5105 2222 5175 τοῦτο,

683 5407 703 5471 ⁸)
722 5403 813 5475 Super
829 5403 939 5476 άβροάμ
954 5411 1083 5460 notatum
1096 5405 1245 5461 εειἸιινᾱν.
1281 5407 1373 5471 Quam
1388 5405 1417 5460 in
1428 5422 1486 5460 rem
1500 5407 1536 5460 ef.
1548 5405 1614 5463 Jon.
1628 5409 1651 5475 1,
1664 5409 1688 5462 9.
1723 5408 1781 5462 Sed
1794 5405 1950 5462 Abrshsmi
1963 5409 2050 5464 verbs
2062 5407 2130 5463 Gen.
2142 5409 2183 5478 24,
2196 5411 2221 5468 3.

581 5489 688 5545 tradita
699 5491 804 5560 respici
814 5491 954 5544 videntur.
