5244 6618
1996 715 2035 779 19

385 901 420 966 in
440 923 534 966 usum
552 901 808 989 peregrinatoris
830 921 915 966 saec.
932 899 1022 966 VIII.
1044 901 1181 988 scripto,
1201 901 1293 965 cuius
1303 901 1375 988 jam
1395 922 1494 988 snpra
1508 922 1582 988 pag.
1601 900 1650 964 13.
1667 899 1727 965 sub
1742 899 1832 966 XVI.
1848 902 1968 967 mentio
1985 912 2036 966 est

386 1028 481 1094 faeta.
526 1026 706 1094 Videbatur
720 1026 909 1094 Fleisehero
932 1050 1020 1111 „non
1038 1028 1200 1093 recentior
1218 1026 1260 1092 X.
1284 1026 1414 1093 saeculo
1439 1026 1553 1092 baberi
1569 1026 1703 1114 posse.“
1746 1025 1844 1107 Quod
1862 1026 1917 1093 ille
1937 1050 2034 1115 quam

386 1164 476 1220 recte
490 1155 636 1238 vidisset,
651 1175 756 1242 nuper
769 1152 943 1241 probatum
958 1164 1016 1220 est.
1042 1152 1204 1220 Convenit
1215 1155 1301 1219 enim
1315 1155 1379 1220 ista
1392 1155 1554 1241 scriptura
1567 1177 1640 1220 cum
1652 1155 1834 1241 fragmento
1846 1155 2033 1242 nuperrime

386 1305 406 1346 a
420 1304 472 1347 me
488 1305 530 1347 ex
544 1282 667 1347 oriente
683 1280 780 1347 allato
795 1281 861 1366 illo,
877 1281 965 1369 quod
980 1304 1099 1348 annum
1111 1279 1258 1346 Arabum
1272 1281 1343 1347 272.
1358 1282 1379 1346 i.
1393 1304 1420 1347 e.
1439 1280 1515 1346 Chr.
1528 1280 1704 1348 885-886.
1720 1279 1921 1368 adscriptum
1936 1281 2035 1348 habet

388 1403 477 1494 (vide
498 1431 598 1495 supra
611 1432 685 1495 pag.
703 1409 751 1473 14.
773 1406 833 1474 sub
848 1409 903 1493 2.),
919 1419 1090 1497 tantopere
1106 1417 1141 1474 ut
1159 1418 1294 1496 uterque
1313 1407 1419 1474 codex
1437 1406 1479 1474 ab
1499 1407 1615 1474 eodem
1630 1409 1770 1496 scriptus
1787 1431 1859 1474 esse
1874 1409 2031 1474 videatur.

388 1535 481 1616 Quae
496 1536 683 1622 conjectura
697 1537 809 1601 nescio
825 1558 868 1600 an
882 1535 958 1602 inde
974 1535 1183 1600 confirmetur
1197 1535 1285 1624 quod
1299 1534 1354 1600 fol.
1369 1535 1475 1601 XVII.
1490 1544 1581 1602 recto
1596 1535 1707 1602 David
1722 1534 1853 1623 quidam
1867 1549 2032 1602 auctorem

386 1662 509 1728 codicis
526 1686 561 1729 se
575 1663 760 1751 profitetur,
780 1662 913 1729 alterius
932 1685 1011 1728 vero
1033 1663 1174 1748 scriptor
1187 1662 1288 1728 Deod
1301 1661 1358 1727 bin
1373 1662 1453 1729 Sina
1465 1663 1656 1752 plerumque
1672 1685 1707 1728 se
1721 1663 1834 1728 vocari
1849 1661 1936 1728 dicit.
1979 1663 2032 1728 De

385 1811 421 1854 re
437 1791 651 1875 grammatica
664 1789 760 1856 huius
775 1800 884 1856 textus
900 1789 994 1877 plura
1009 1791 1162 1876 exposuit
1172 1789 1380 1856 Fleischerus
1395 1789 1415 1854 l.
1431 1789 1453 1854 l.
1468 1813 1500 1878 p.
1512 1789 1573 1855 155
1586 1812 1666 1877 sqq,
1681 1793 1806 1855 notavit
1820 1790 1917 1854 etiam
1931 1811 2031 1854 voces

385 1915 496 2003 plures
512 1917 656 1983 nondum
671 1927 766 1983 notes
781 1917 824 1984 ad
838 1917 1013 1983 Aramaica
1027 1926 1059 1982 et
1075 1915 1204 1983 Graeca
1219 1917 1447 1983 conformatas.
1491 1917 1607 1984 lnsunt
1621 1927 1730 1983 autem
1743 1917 1830 1982 vitae
1846 1925 2033 1982 sanctorum

388 2053 548 2130 quattuor,
565 2043 598 2109 S.
607 2044 776 2133 Euthymii
792 2040 847 2130 (ab
862 2045 954 2109 initio
969 2041 1107 2132 mutila),
1124 2044 1157 2110 S.
1166 2043 1282 2128 Sabas,
1299 2043 1498 2128 S.Abramii,
1515 2044 1737 2110 S.Theod0sii
1753 2043 1880 2130 (mutila
1893 2045 1927 2108 in
1941 2041 2030 2130 fine),

386 2173 536 2258 scriptae,
561 2181 649 2236 certe
671 2171 755 2237 duae
776 2173 913 2258 priores,
938 2179 974 2235 ut
995 2170 1108 2237 ultimo
1132 2173 1237 2258 capite
1255 2173 1343 2237 vitae
1361 2172 1528 2260 Euthymii
1547 2171 1695 2256 traditur,
1717 2195 1738 2236 a
1758 2169 1880 2259 Gyrillo
1896 2169 2031 2258 Scytho-

385 2295 530 2385 politano
550 2297 711 2363 monacho
733 2297 860 2364 Graeco
881 2297 1003 2364 saeculi
1022 2297 1077 2362 VI.
1122 2298 1198 2364 Duo
1221 2300 1348 2385 priores
1366 2298 1477 2384 libelli,
1500 2321 1696 2386 quamquam
1713 2297 1809 2386 plura
1828 2297 1989 2381 differunt,
2012 2320 2033 2363 a

388 2423 551 2491 Cotelerio
575 2423 702 2490 Graece
725 2425 805 2491 editi
827 2435 901 2491 sunt
923 2427 957 2489 in
977 2424 1105 2491 Eccles.
1130 2423 1246 2492 Graec.
1270 2427 1413 2493 Monum.
1441 2426 1505 2492 vol.
1529 2427 1573 2492 ΙΙ.
1600 2448 1633 2513 p.
1648 2423 1712 2492 200
1731 2447 1801 2512 sqq.
1831 2434 1864 2490 et
1888 2424 1952 2489 vol.
1974 2423 2030 2490 IV.

385 2554 452 2640 nl
477 2573 546 2639 suu·

514 2678 605 2744 Ood.
625 2679 754 2744 Tisch.
774 2678 834 2744 ΠΙ.
886 2678 982 2744 Folia
1008 2679 1258 2746 membranacea
1280 2688 1432 2767 quattuor
1454 2680 1667 2768 palimpsesto
1673 2728 1683 2764 ,
1710 2687 1847 2766 utraque
1871 2680 2033 2765 scriptura

387 2805 523 2890 Graeca,
540 2809 650 2894 priore
666 2805 785 2872 unciali
799 2807 878 2872 noni
892 2807 962 2872 fere
977 2805 1109 2890 saeculi,
1130 2807 1274 2873 secunda
1289 2807 1470 2874 minuscula
1485 2807 1669 2873 duodecimi
1684 2805 1815 2873 saeculi.
1859 2804 2033 2893 Antiquior

385 2936 563 3022 scriptura,
591 2956 688 3020 quam
715 2932 840 3000 obtexit
863 2943 972 2999 textus
998 2932 1168 3020 liturgicus
1196 2934 1239 3001 ad
1267 2933 1436 3000 colendam
1461 2935 1652 3000 memoriam
1679 2943 1858 3022 martyrum
1881 2934 2032 3020 scriptus,

384 3062 567 3147 argumenti
586 3070 637 3126 est
654 3061 824 3148 patristici.
873 3061 1038 3143 Quorsum
1053 3063 1226 3149 pertineat,
1243 3062 1286 3128 ad
1303 3061 1386 3126 haec
1402 3061 1603 3148 singulorum
1617 3060 1770 3128 foliorum
1786 3059 1936 3148 exempla
1949 3060 2032 3128 iudi·

385 3189 452 3254 cari
466 3189 595 3276 poterit.
639 3185 804 3252 Accentus
821 3197 854 3252 et
869 3189 1002 3274 spiritus
1017 3211 1084 3253 non
1099 3187 1225 3274 desunt,
1242 3189 1301 3255 sed
1314 3211 1390 3255 raro
1405 3189 1496 3254 cerni
1509 3197 1657 3276 possunt.

670 3356 741 3422 Fol.
759 3358 787 3421 1.
803 3367 893 3422 recto
1508 3357 1580 3424 Fol.
1596 3357 1626 3422 2.
1642 3366 1733 3422 recto

427 3503 606 3560 ...coemptas
619 3503 674 3559 προ
689 3502 804 3542 παντων
819 3504 865 3542 ora
879 3503 953 3544 eoru
966 3505 983 3560 η
998 3503 1047 3543 του
1061 3488 1099 3543 ds
1262 3515 1321 3530 ····
1338 3505 1395 3544 cors
1409 3505 1438 3544 er
1452 3505 1546 3544 νικαια
1559 3468 1766 3561 Μαθροισθῖ

426 3619 615 3678 ραπευομενου
629 3601 766 3668 dedcora-
1261 3622 1318 3661 rur
1332 3621 1496 3680 τριακοσιαη
1511 3603 1578 3662 dem
1592 3623 1665 3660 emor
1680 3622 1766 3680 cyson
1777 3587 1871 3678 ff·

426 3857 553 3898 ...uara
566 3859 616 3916 την
630 3837 741 3916 aureiqr
755 3859 805 3915 την
819 3837 983 3898 adeersum
997 3860 1023 3898 τι
1817 3857 1881 3898 urm

425 3977 481 4032 μαν
496 3977 561 4025 τους
574 3976 680 4035 yossuc·
696 3977 743 4016 rra
757 3977 787 4016 ev
801 3976 845 4016 σοι
858 3977 968 4036 ycrprar
980 3979 1028 4017 και
1042 3977 1090 4035 aeq
1262 3972 1363 4018 mov:
1387 3979 1435 4018 και
1448 3976 1550 4036 carpor
1563 3977 1614 4018 του
1626 3975 1676 4035 της
1690 3977 1775 4036 corpe
1790 3975 2004 4036 αρχιεπιωιοπου

424 4096 623 4154 μωιροχρονιος
636 4095 681 4135 am
694 4097 743 4153 της
756 4097 812 4154 γης.
828 4075 909 4153 dqlor
924 4076 991 4136 ὀιοτι
1006 4097 1045 4145 ως
1262 4097 1310 4136 και
1322 4091 1476 4154 μαρωροςε
1499 4096 1640 4156 ypqyoprov
1654 4095 1797 4154 yeropsrov
1811 4095 1962 4136 επισκοπου

426 4193 562 4272 cuppola
576 4215 711 4272 uparmor
725 4190 788 4271 ὄεξη
802 4214 835 4254 ro
849 4215 962 4274 γραμμα
976 4217 1023 4254 και
1261 4213 1471 4274 rumesperc
1484 4213 1534 4254 roo
1548 4197 1780 4274 θανματουργουι

424 4333 473 4370 ουκ
488 4332 660 4390 armaque..
672 4357 678 4369 .
690 4333 732 4373 ror
745 4333 799 4372 uas
811 4332 970 4392 porporspor
1505 4305 1575 4372 Fol.
1591 4306 1621 4370 2.
1638 4327 1733 4370 verso

423 4451 472 4507 της
487 4449 537 4508 σης
550 4431 742 4510 μεγαλοφῶας
755 4447 786 4509 q:
1262 4433 1312 4510 qdq
1327 4435 1478 4492 εκτεθεπα
1492 4452 1564 4509 opor.
1579 4451 1635 4491 υπο
1648 4452 1705 4491 των
1719 4417 1899 4510 προόηωθῖ

667 4542 738 4607 Fol.
756 4545 784 4607 l.
800 4567 897 4608 verso
1262 4571 1318 4610 ron

425 4653 1068 4750 ...ὗχῖπασανπεριὶαβουσηςτηνῃνκαι
1508 4699 1549 4708 -
1635 4699 1675 4707 -

422 4806 473 4845 του
488 4784 632 4864 ζωηφορου
1261 4807 1314 4854 rur
1328 4807 1384 4845 rur
1399 4808 1484 4866 aysur
1499 4786 1665 4848 urrocroltor
1679 4786 1725 4845 dra
1739 4784 1885 4863 aiqpsrroc

667 4935 708 4944 -
793 4935 836 4946 -
1260 4901 1412 4977 tardor·
1434 4927 1479 4973 αις
1491 4925 1546 4965 τισι
1559 4905 1650 4965 nulus
1662 4923 1717 4964 vno
1731 4904 1841 4998 erquo

423 5044 518 5082 ...και
532 5023 659 5101 ὅαιμονες
670 5024 886 5102 φνγαόευονται·
906 5047 953 5084 και
966 5046 1027 5102 ιερα
1260 5021 1317 5095 ξων
1331 5044 1376 5083 am
1388 5023 1457 5102 λυμη
1471 5044 1520 5101 της
1534 5023 1678 5101 murac
1690 5025 1769 5082 roda
1783 5041 1845 5080 rrae
1859 5043 1907 5082 και
1920 5019 1951 5094 ξε

422 5163 478 5200 των
493 5128 572 5201 aab}
583 5139 791 5220 αθροιζομενων
804 5161 961 5220 nar-qma.
976 5161 1012 5201 err
1025 5141 1105 5220 εκκλη
1259 5163 1296 5202 να
1309 5161 1359 5220 rqr
1372 5141 1510 5221 ευσεβειας
1523 5145 1755 5220 aurearoma
1770 5159 1804 5200 ro
1817 5161 1951 5219 ευπρεπες

422 5279 495 5327 orare
508 5279 644 5336 μυσταως
659 5256 814 5338 cymium·
835 5279 883 5318 και
895 5279 944 5337 της
958 5279 1062 5336 τρυφης
1075 5280 1091 5318 ο
1259 5260 1361 5328 καλλος
1374 5280 1431 5318 ror
1444 5263 1533 5320 usur
1546 5261 1692 5338 doyparon

422 5377 592 5454 παραδεισος
605 5398 663 5446 τοις
676 5397 763 5438 nourr
778 5397 927 5436 ανεωκται·
948 5399 996 5436 και
1009 5399 1042 5437 το
1055 5377 1134 5446 rator
1503 5369 1575 5436 Pol.
1592 5370 1621 5434 3.
1638 5379 1728 5435 recto

424 5515 515 5572 yryorc
529 5515 782 5556 renarraausroe.
1258 5512 1430 5576 mqyruoror
1444 5515 1474 5558 τε
1488 5515 1757 5574 succumberes·
1777 5515 1799 5554 ει
1812 5515 1861 5572 μεν
1875 5515 1929 5576 γαρ

1687 5607 1722 5659 3*
