5284 6620
757 913 941 980 ΠΑΥΛΟΥ
963 914 1055 980 ΤΟΥ
1076 912 1329 980 ΑΓΙΩΤΑΤΟΥ
1351 912 1635 980 ΑΠΟΣΤΟΛΟΥ
1658 911 1858 978 ΔΙΑΤΑΞΙΣ
1878 909 2093 978 ΚΑΝΟΝΩΝ

1227 1013 1628 1082 ΕΚΚΑΗΣΙΑΣΤΙΚΩΝ.

714 1173 750 1238 Οἱ
769 1168 877 1258 (plura
896 1171 1096 1258 praecedunt
1113 1171 1202 1258 apud
1222 1169 1294 1236 Cot.
1312 1179 1344 1235 et
1357 1167 1432 1257 Ue.)
1453 1171 1572 1254 πρώτως
1590 1171 1750 1254 προσιόντες
1767 1175 1808 1250 τῷ
1825 1173 1964 1253 μυστηρίῳ
1982 1175 2032 1253 τῆς
2048 1170 2187 1256 εὐσεβείας
2205 1175 2251 1240 διὰ

605 1306 662 1365 τῶν
675 1300 810 1365 διακόνων
824 1301 1070 1384 προσαγέσθωσαν
1083 1306 1123 1381 τῷ
1139 1300 1279 1380 ἐπισκόπφ
1293 1296 1310 1383 ii
1324 1309 1384 1373 τοῖς
1396 1301 1602 1383 πρεσβεπεροις,
1620 1296 1668 1364 καί
1685 1299 1740 1372 τάς
1757 1299 1851 1371 αἰτίας
1869 1299 2102 1376 ἐξεταζισθωσαν
2121 1295 2154 1366 οὐ
2171 1301 2252 1384 χάριν

605 1432 768 1510 προσῆλθον
782 1431 822 1507 τῷ
836 1433 956 1512 κυριακῴ
970 1427 1050 1512 λόγῳ.
1073 1429 1099 1493 oi
1112 1425 1146 1492 δέ
1158 1427 1417 1511 προσενέγκαντες
1430 1429 1658 1510 μαρτυρείτωσαν
1674 1422 1762 1511 (Cot.
1779 1425 1853 1490 add.
1869 1423 1977 1512 αὐτοῖς)
1994 1427 2200 1511 ἀκριβοίσαντες
2212 1430 2251 1494 τοὶ

605 1556 665 1621 κατ’
684 1554 791 1628 αὐτούς.
814 1555 1010 1632 ἐξεταζέσθω
1025 1552 1060 1619 δέ
1074 1555 1222 1638 ἀκριβῶς
1235 1553 1251 1621 6
1265 1555 1391 1637 τρόπος
1405 1553 1452 1620 καί
1467 1553 1483 1620 6
1497 1558 1565 1638 βίος,
1580 1551 1628 1619 καλ
1642 1555 1668 1618 εί
1679 1555 1775 1620 δοῦλοί
1785 1555 1851 1619 εἰσιν
1866 1551 1882 1637 ι)
1897 1553 2044 1637 ελεύθεροι
2074 1553 2104 1616 2.
2124 1553 2186 1620 Καί
2201 1557 2252 1621 ἐάν

607 1679 625 1769 ᾗ
639 1710 688 1756 τις
702 1687 811 1756 δοῦλος,
835 1682 993 1764 ἐρωτάσθω
1008 1681 1023 1747 ὁ
1040 1683 1208 1764 δεσπότης
1222 1681 1307 1748 αι’τοῖι
1322 1683 1348 1746 εί
1358 1693 1494 1766 μαρτυρεῖ
1504 1681 1594 1762 αὐτῷ·
1617 1683 1647 1746 εί
1658 1679 1689 1746 δέ
1701 1681 1750 1764 μή,
1774 1681 2007 1765 ἀπυβαλέσθω,
2031 1682 2083 1755 ἕως
2102 1681 2138 1746 ἀν
2157 1682 2252 1760 ἀξιον

606 1813 620 1876 i
625 1810 728 1877 αυτὸν
743 1810 910 1890 ἐπιδείξητῴ
924 1809 1056 1892 δεσπότῃ·
1072 1805 1135 1874 eidi
1148 1819 1284 1892 μαρτυρεῖ
1290 1809 1375 1890 αὐτῷ,
1390 1812 1598 1892 προσδεχέσθω.
1615 1810 1751 1875 ἐθνικού
1765 1809 1895 1890 οἰκέτης
1910 1810 2087 1876 διδασκέσθω
2097 1810 2252 1893 εὐαρεστεῖν

606 1944 647 2020 τῷ
661 1935 793 2020 δισπότη,
813 1935 859 2002 ἵνα
872 1935 908 2020 μν)
922 1941 1150 2020 βλασφημεῖται
1164 1936 1180 2002 6
1194 1937 1282 2020 λόγος.
1320 1935 1350 2000 3.
1377 1937 1415 2000 Εί
1426 1934 1475 2019 μέν
1489 1931 1537 2002 οὐκ
1551 1937 1604 2022 ἔχει
1618 1947 1735 2022 γιιναῖκα
1749 1934 1766 2020 ν’)
1780 1935 1797 2020 ἡ
1812 1935 1876 2020 γυνή
1892 1935 1996 2018 ἀνδρα,
2019 1941 2252 2004 διδασκεσθωσατ

607 2067 758 2151 ἀρκεῖσθαι
772 2064 891 2136 ἑαυτοῖς·
911 2063 937 2128 εί
948 2061 982 2128 δέ
997 2061 1105 2146 ἄγαμοί
1114 2065 1177 2138 εἰσι,
1196 2065 1425 2146 μανθανέτωσαν
1438 2063 1474 2147 μή
1488 2063 1627 2146 πορνεύων
1642 2064 1716 2130 ἀλλὰ
1731 2075 1826 2148 γαμεῖν
1841 2063 1874 2128 ἐν
1888 2063 1970 2147 νόμῳ.
1992 2065 2019 2129 εί
2030 2061 2064 2128 δέ
2081 2063 2098 2130 6
2117 2067 2253 2149 δεσπότης

607 2195 693 2260 αὐτοῦ
706 2193 804 2264 πιστὸς
818 2189 858 2256 civ
872 2188 919 2255 nai
933 2189 1013 2263 είδώς
1027 2187 1070 2256 ὅτι
1084 2191 1220 2274 πορνεύει,
1242 2190 1275 2257 οὐ
1289 2193 1400 2257 δίδωσιν
1415 2191 1491 2270 αὐτῷ
1511 2201 1628 2276 γυναῖκα
1645 2190 1662 2275 ἢ
1681 2195 1715 2273 τῇ
1734 2189 1839 2276 γυναικὶ
1857 2189 1961 2275 ἄνδρα,
1984 2191 2251 2276 ἀφοριζέσθωσαν.

606 2322 636 2385 4.
657 2321 723 2386 Ἐἀν
739 2314 827 2403 (Coi.
844 2315 918 2382 add.
934 2313 980 2402 δέ)
998 2344 1040 2391 τις
1053 2321 1173 2401 δαίμονα
1187 2318 1246 2402 ἔχη,
1262 2321 1440 2384 διδασκέσθω
1453 2316 1502 2402 μέν
1517 2318 1566 2404 τήν
1580 2320 1731 2404 εὐσέβειαν,
1746 2318 1782 2403 με)
1796 2321 1997 2402 προσδεχέσθω
2012 2317 2041 2384 δέ
2055 2321 2094 2392 είς
2107 2325 2252 2387 κοινωνίαν

606 2447 671 2530 πρὶν
686 2445 722 2512 ἀν
736 2450 917 2528 καθαρισθή·
933 2445 959 2510 εἰ
971 2443 1001 2508 δὲ
1014 2445 1145 2518 θάνατος
1158 2448 1336 2529 κατεπείγει,
1351 2447 1559 2530 προσδεχέσθω.
1590 2445 1620 2510 5.
1635 2443 1677 2510 Ei
1685 2473 1727 2519 τις
1740 2447 1935 2530 πορνοβοσκός,
1950 2445 1967 2530 ή
1982 2447 2147 2512 παυσάσθω
2163 2445 2251 2532 (Cot.

607 2573 681 2640 add.
696 2570 759 2660 τοῦ)
775 2572 972 2656 μαστροπείαν
985 2570 1002 2655 ί)
1018 2573 1237 2657 ἀποβαλέσθω
1253 2567 1448 2658 (sequuntur
1458 2571 1553 2659 plura
1563 2572 1651 2660 apud
1666 2570 1762 2655 Coi).
1777 2578 1834 2638 τῶν
1848 2571 1893 2638 ἐπὶ
1907 2578 2008 2657 σκηνῆς
2022 2574 2071 2639 ἐάν
2084 2602 2126 2649 τις
2139 2579 2253 2659 προσείη

608 2700 685 2786 (sic)
703 2700 773 2786 ἀνήρ
790 2698 806 2783 ί)
825 2699 889 2784 γυνή
908 2697 1078 2784 ι’)ήνίοχοςή
1095 2699 1254 2785 μονομάχος
1272 2697 1288 2783 ἢ
1306 2700 1505 2782 σταδιοδρόμος
1523 2698 1539 2783 ί)
1559 2699 1756 2786 λουδεμπιστίγς
1775 2697 1896 2785 (codex
1917 2698 2012 2786 στης)
2031 2699 2048 2785 ν)
2068 2703 2216 2786 όλυμπικδς
2235 2702 2251 2786 ἢ

606 2829 743 2914 χοραύλης
756 2827 773 2912 ν)
788 2825 953 2911 κιθαριστής
968 2821 1050 2912 (seq.
1066 2824 1131 2890 alia
1145 2825 1234 2912 apud
1250 2824 1366 2910 Comi}
1386 2827 1524 2910 αὔλησιν
1539 2827 1760 2911 ἐπιδεικνύμενος,
1774 2826 1791 2911 ἢ
1805 2829 2027 2894 παυσάσθωσαν
2040 2827 2057 2913 ι)
2072 2829 2253 2915 ἀποβαλέσ-

607 2966 718 3022 θωσαν.
762 2953 791 3019 6.
813 2953 995 3037 Στρατιάτης
1008 2953 1130 3036 πρσσιάν
1150 2956 1327 3020 διδασκέσθω
1345 2954 1382 3039 μή
1402 2955 1517 3028 ἀδικεῖν,
1539 2953 1576 3038 μή
1595 2966 1791 3038 συκοφαντεῖν,
1814 2957 1965 3038 ἀρκείσθω
1983 2955 2013 3020 δέ
2030 2968 2089 3030 τοῖς
2107 2960 2254 3040 διδομένοις

607 3085 751 3164 ὀψωνίοις·
768 3082 934 3164 πειθόμενος
947 3083 1156 3164 προσδεχέσθω,
1173 3082 1320 3166 ἀντιλεγων
1334 3078 1365 3147 δέ
1378 3082 1606 3166 ἀποβαλέσθω.
1622 3081 1814 3166 ἀρρητοπυιός,
1822 3085 1952 3158 κίναιδος,
1960 3084 2040 3168 βλάξ,
2051 3085 2147 3168 μάγος,
2159 3085 2253 3170 ὀχλα-

608 3210 719 3294 γωγός,
735 3209 902 3281 ἐπαοιδός,
917 3210 1037 3286 λάταξ,
1052 3209 1232 3292 περιάμματα
1240 3213 1337 3284 πυωύν,
1352 3209 1503 3292 οἰωνιστής,
1518 3210 1752 3293 συμβολυδείκτης,
1767 3213 1885 3292 παλμῶν
1900 3211 2034 3294 ἑρμηνεῖς,
2048 3213 2254 3294 φυλαττόμενος

608 3339 636 3401 ἐν
651 3335 812 3419 συναντήσει
825 3335 919 3420 λαβάς
936 3331 1013 3420 (sic)
1029 3333 1139 3418 ὄψεων
1152 3333 1169 3418 ν)
1183 3341 1278 3401 ποδοῖν
1292 3335 1309 3419 ή
1324 3335 1448 3419 ὀρνιθων
1461 3334 1478 3419 ν’)
1493 3333 1617 3420 γαλῶνή
1636 3337 1831 3419 ἐπιφωνήσεων
1849 3335 1866 3420 ἢ
1885 3339 2133 3422 παρακροαμάτων
2156 3345 2253 3424 συμβο

607 3468 701 3536 λακεῖν,
723 3461 813 3546 χρόνῳ
832 3465 1093 3546 δοκιμαζέσθωσαν·
1115 3465 1291 3536 δυσεκνιπτος
1309 3502 1319 3512 -
1337 3502 1347 3514 ·
1367 3463 1650 3548 ἀποβαλέσθωσαν.
1695 3463 1723 3527 7.
1748 3463 1888 3548 Παλλακι)
1903 3504 1912 3514 -
1926 3505 1936 3516 -
1952 3465 2168 3549 άποβαλέσθω
2183 3505 2193 3516 -
2207 3505 2216 3515 -
2231 3469 2257 3530 εἰ

607 3588 656 3672 μέν
678 3589 775 3671 δοίιλη
797 3588 887 3654 ἐστίν
905 3628 914 3638 -
933 3591 984 3654 -εέ
1000 3587 1030 3654 δέ
1045 3589 1210 3674 ἐλευθέρα,
1233 3592 1367 3674 γαμείτω
1382 3631 1392 3640 -
1406 3629 1415 3640 -
1430 3589 1446 3656 6
1463 3587 1536 3676 (pro
1552 3585 1590 3673 εί)
1607 3587 1637 3654 δέ
1650 3590 1699 3674 μή,
1722 3591 1950 3676 ἀποβαλέσθω.
1993 3593 2022 3657 8.
2043 3591 2208 3676 Ἑλληνικοῖς
2220 3633 2253 3644 -·

607 3718 821 3798 μετατιθέσθω
840 3713 857 3798 ν)
877 3716 1095 3800 ἀποβαλέσθω
1113 3757 1122 3766 -
1141 3757 1151 3767 -
1170 3717 1402 3800 ίπποδρομικοῖς
1422 3717 1547 3801 ἀγῶσιν
1560 3757 1570 3766 -
1584 3757 1594 3767 -
1610 3717 1837 3802 ἀποβαλέσθω.
1880 3717 1909 3782 9.
1930 3718 1964 3785 Ὁ
1976 3719 2084 3801 μέλλων
2098 3760 2107 3770 -
2122 3759 2131 3768 -
2146 3719 2254 3786 εὐνοιαν

609 3841 728 3928 (codex
743 3839 855 3928 ἀνοιαν)
872 3843 926 3927 ἔχη
943 3839 1031 3927 (Cot.
1048 3841 1121 3907 add.
1137 3841 1199 3926 περὶ
1213 3843 1246 3910 τὸ
1261 3843 1392 3928 πρᾶγμα)
1408 3884 1441 3894 --
1486 3843 1535 3907 10.
1563 3845 1707 3918 --λαῖκός
1721 3845 1769 3928 εἴη.
1814 3847 1862 3908 11.
1892 3851 1961 3920 Πάς
1974 3847 2095 3920 πιστός·
2111 3887 2120 3898 -
2135 3848 2190 3931 πρὸ
2205 3853 2254 3912 τοῦ

607 3971 644 4036 τὸ
667 3971 744 4054 ἔργον
764 3981 876 4054 χεῖρον
899 3971 1051 4036 ἐπιτελέσαι
1069 4011 1102 4022 --
1122 3971 1148 4035 εί
1164 3973 1198 4034 δέ
1212 3999 1253 4044 τις
1275 3971 1373 4056 λόγος
1394 3971 1597 4056 κατηχήσεως
1618 3973 1758 4056 γίνεται,
1780 3973 2034 4056 προτιμησάτωσαν
2052 4013 2086 4025 ··
2107 3974 2253 4059 εὐσεβείας.

610 4096 658 4160 12.
683 4097 814 4170 Πιστὸς
827 4095 843 4180 ν)
858 4096 940 4180 πιστή
954 4137 987 4148 --
1003 4099 1160 4171 ἐπιστολαῖς
1174 4097 1383 4182 διετάξαμεν.

711 4223 909 4310 Inscriptum
925 4231 975 4288 est
990 4225 1102 4308 Πέτρου
1116 4222 1164 4290 καὶ
1178 4223 1297 4292 Παύλου
1311 4230 1368 4292 τῶν
1383 4225 1470 4310 ἀγίων
1485 4225 1651 4292 ἀποστόλων
1665 4226 1799 4303 διάταξις.
1807 4225 1832 4311 1)

713 4349 875 4430 XXXIII,
900 4351 927 4414 l.
955 4349 1025 4433 Ἐγά
1041 4352 1152 4434 Πέτρος
1165 4349 1212 4416 καί
1228 4348 1316 4436 (Cot.
1333 4351 1407 4417 add.
1424 4349 1491 4438 ἐγά)
1510 4356 1603 4417 Παύλ.
1618 4352 1825 4437 διατάσσομεν
1840 4355 2036 4438 ἐργάζεσθαι
2056 4356 2134 4430 τούς
2152 4357 2255 4430 λαοὺς

607 4479 688 4543 πέντε
701 4477 815 4560 ἡμέρας,
838 4477 919 4560 σάββ.
934 4473 963 4542 δέ
977 4505 1001 4542 κ.
1018 4505 1074 4562 κυρ.
1090 4480 1303 4562 σχολαζέτωσαν
1320 4475 1407 4563 (Coi.
1424 4476 1499 4542 add.
1516 4475 1557 4563 ἐν)
1574 4484 1607 4562 τῇ
1624 4479 1776 4564 ἐκκλησίᾳ·
1794 4521 1803 4532 -
1822 4488 1957 4566 δημιουργ.
1978 4483 2107 4566 τρόπον
2119 4483 2195 4566 έχων
2215 4523 2224 4532 -
2246 4523 2254 4533 -

607 4605 636 4668 2.
663 4604 722 4689 Τήν
736 4643 746 4654 ·
761 4643 770 4652 -
785 4602 801 4669 6
815 4603 994 4688 συγχωρήσας
1010 4599 1097 4688 (Cot.
1114 4603 1189 4668 add.
1205 4602 1295 4690 1))καέ
1310 4603 1474 4689 ἀναστήσας
1491 4645 1524 4656 ·-
1544 4607 1700 4690 πνεύματος
1718 4607 1768 4692 τήν
1786 4615 1956 4674 δοθεῖσαν
1974 4649 2008 4660 --
2028 4609 2057 4674 ἐν
2077 4611 2147 4692 ἀυτή
2164 4605 2252 4695 (Cot.

608 4731 683 4797 add.
698 4727 761 4816 τήν)
784 4729 992 4814 ἀπροσδόκητον
1008 4731 1090 4814 χάριν
1112 4743 1184 4806 τοῖς
1206 4733 1405 4814 ἀνθρώποις
1426 4733 1593 4800 δεδόσθαι
1611 4733 1739 4818 --λόγον
1755 4731 1842 4820 (Cot.
1860 4735 1934 4800 add.
1949 4736 2054 4819 Ἰησοῦν
2068 4734 2207 4822 Χριστὸν)
2224 4738 2253 4801 ἐκ

607 4899 616 4908 -
631 4900 640 4909 -
654 4858 703 4943 τήν
717 4863 774 4924 τῶν
789 4857 892 4942 ἀγέων
907 4860 1105 4942 θεοφανίων
1120 4859 1216 4944 ἑορτήν
1230 4899 1239 4908 -
1254 4899 1263 4909 -
1306 4859 1336 4924 3.
1363 4859 1426 4933 Τάς
1440 4859 1543 4944 ἡμέρας
1557 4901 1566 4910 -
1580 4901 1589 4911 -
1604 4861 1727 4944 ήξίωσαν
1742 4862 1846 4946 ἁγίου.

713 4983 873 5067 XXXIV,
902 4980 964 5070 1-2)
997 4984 1092 5068 Εὐχάς
1111 4986 1179 5052 ἐπιτ.
1197 4983 1334 5068 ὅρθρως
1355 4988 1469 5071 πρώτη
1491 4985 1558 5074 ὥρᾳ
1579 4991 1656 5071 τρίτη
1676 5015 1710 5053 τε
1729 4988 1777 5055 καὶ
1795 4989 1858 5072 ἐκτη
1878 5017 1901 5053 κ.
1919 4992 1970 5054 ἐνν.
1985 4988 2033 5055 καλ
2051 4993 2184 5074 ἑσπέρας
2205 4989 2254 5056 καλ

609 5112 883 5196 ἀλεκτοροφωνίας.
898 5109 1007 5196 ὄρθρου
1020 5109 1068 5194 μὲν
1084 5107 1171 5197 (Coi.
1188 5111 1262 5178 add.
1279 5111 1515 5198 εὐχαριστοῦντες)
1531 5111 1574 5180 ὅτι
1588 5115 1630 5198 ε’φ.
1645 5115 1719 5198 ήμιὶς
1735 5113 1823 5201 (Oot.
1835 5117 1906 5200 ὑμῖν,
1922 5139 1988 5181 ηοω
2003 5115 2076 5196 Ue.)
2092 5159 2102 5169 ·
2116 5159 2126 5168 ·
2140 5119 2255 5184 νέκταν

607 5280 616 5289 -
632 5236 698 5304 -δτι
713 5241 745 5304 ἐν
760 5239 842 5320 αὐτῇ
859 5239 1032 5322 ἀπόφασιν
1047 5239 1114 5306 άπὸ
1130 5240 1257 5306 Πιλάτου
1272 5241 1368 5326 ἐλαβεν
1382 5240 1398 5307 6
1413 5241 1503 5325 κύριος
1517 5282 1526 5292 -
1540 5282 1549 5292 -
1565 5243 1733 5326 ἐσταυρώθη
1747 5242 1763 5309 6
1778 5246 1943 5326 Χριστός·
1959 5245 2058 5327 ἐνιάτη
2074 5240 2163 5330 (Cot.
2179 5245 2254 5310 αδδ.

713 5425 731 5488 ¹)
744 5420 895 5476 Proximun
907 5423 1005 5478 titulus
1018 5423 1048 5478 in
1059 5423 1159 5478 tabula
1172 5426 1269 5490 (πίναξ)
1283 5430 1338 5479 est:
1351 5429 1410 5495 περὶ
1422 5428 1469 5477 τοῦ
1481 5425 1616 5487 φυλάττειν
1628 5428 1735 5481 ίκαστον
1746 5427 1820 5487 τάξιν
1831 5431 1875 5480 καλ
1886 5432 2053 5497 λειτουργίαν.

710 5509 729 5570 ²)
743 5505 830 5562 Nulla
842 5509 931 5562 textui
943 5507 1092 5578 inscriptio
1105 5509 1270 5580 praeposita
1284 5515 1335 5564 εει.
