5284 6620
1988 723 2048 786 119

396 932 474 1019 δάμ)
491 935 541 1012 ὀξύ
556 933 676 1020 ἐβόησεν,
692 931 764 998 ῶστε
779 932 955 1014 ἀκουσθῆναι
967 932 995 995 ἐν
1005 927 1189 1014 Ἰερουσαλήμ.
1205 925 1252 994 καί
1266 930 1341 994 εἶπεν
1356 927 1373 994 ό
1387 929 1472 1012 ἱερεύς
1488 929 1534 994 διὰ
1550 931 1606 992 τῶν
1621 926 1717 1010 δήλων,
1732 927 1775 992 ὅτι
1789 925 1932 1010 προφήτης
1947 928 2048 1010 ἐτέχθη

396 1066 424 1128 ἐν
436 1061 554 1145 Ἰσραήλ,
568 1060 601 1135 ὃς
615 1067 736 1126 καθελεῖ
747 1059 784 1125 τά
802 1058 909 1144 γλυπτά
924 1058 1017 1123 αὐτῶν
1031 1054 1079 1122 καί
1093 1057 1130 1122 τά
1145 1056 1270 1138 χωνευτὰ
1286 1056 1387 1120 αύτῶν.
1402 1051 1450 1120 καί
1464 1055 1566 1120 θανῶν
1581 1054 1670 1139 ἐτάφη
1686 1056 1881 1140 ἐνΣαμαρειήα.
1902 1052 2048 1139 (χῶνευτά.

396 1187 444 1254 καί
458 1189 511 1274 γάρ
528 1187 799 1270 ε’παναπαυσάγιενον
813 1186 854 1250 ἐπ’
865 1185 950 1250 αὐτόν
966 1185 999 1250 τὸ
1013 1209 1059 1250 πν.
1075 1189 1186 1249 διπλοῦν
1198 1186 1303 1268 γε’γονεν
1314 1185 1343 1248 ἐν
1356 1183 1432 1262 αύτῶ
1445 1186 1529 1247 διπλοῖ
1542 1183 1571 1248 ἐν
1582 1182 1715 1263 πνεύματι
1725 1178 1772 1246 καί
1784 1182 1821 1248 τά
1831 1208 1992 1266 χαρισματα
2002 1181 2048 1248 καί

397 1317 434 1382 τά
455 1315 635 1400 ἐνεργήματα·
655 1313 727 1379 ὅθεν
747 1314 779 1378 ού
798 1312 881 1395 μόνον
903 1315 930 1376 ἐν
948 1337 982 1393 τη
1000 1313 1056 1393 ζωή
1073 1311 1158 1376 αὐτοῦ
1173 1308 1405 1394 ἐθαυματούργει,
1421 1309 1493 1374 ἀλλὰ
1509 1306 1556 1374 καὶ
1570 1310 1672 1375 θανῶν
1686 1307 1732 1374 καί
1747 1307 1846 1394 ταφείς
1861 1313 1889 1375 ἐν
1903 1313 2049 1395 Σαμαρίᾳ,

398 1445 493 1528 ἐρράγη
507 1443 601 1525 νεκρός
615 1441 756 1524 μονόζῶος
771 1443 799 1505 ἐν
814 1443 854 1519 τῶ
870 1439 952 1524 τάφῳ
968 1438 1068 1514 αύτού,
1084 1435 1131 1502 καί
1146 1438 1234 1510 εὐθύς
1249 1436 1378 1519 άνέζησεν
1392 1433 1409 1501 ὁ
1424 1437 1525 1520 νεκρός.
1534 1432 1558 1521 ¹)

503 1575 537 1634 Z.
566 1569 745 1650 Ζαχαρίας
765 1565 799 1652 ἢν
820 1569 850 1642 ἐξ
869 1564 1057 1649 Ἰερουσαλήμ,
1080 1566 1137 1638 υἱός
1154 1563 1250 1629 Ἰωδαέ
1272 1568 1321 1628 τού
1342 1565 1442 1647 ἱερεδνς.
1459 1562 1491 1628 ὃν
1511 1564 1667 1634 άπείιτεινεν
1681 1563 1763 1637 Ἰονίας
1780 1563 1796 1627 ό
1815 1565 1942 1648 βασιλεὺς
1958 1565 2050 1630 Ἰούδα

398 1695 514 1778 ἐχόμενα
533 1699 582 1760 τού
601 1697 815 1778 θυσιαστηρίου,
834 1690 882 1758 καί
903 1695 1006 1775 ἐξέχεεν
1027 1693 1060 1757 τό
1080 1691 1150 1774 αἷμα
1170 1691 1256 1756 αύτού
1276 1689 1293 1755 ό
1309 1692 1384 1764 οἶκος
1402 1688 1494 1756 Δαοίδ
1510 1690 1567 1756 άνά
1582 1693 1666 1772 με’σον
1679 1696 1729 1755 τού
1738 1691 1834 1773 Ἐλάμ
1857 1689 1904 1756 καί
1919 1693 2051 1777 λαβόντες

399 1824 484 1887 αὐτόν
497 1823 525 1886 οἱ
538 1823 617 1904 ιἐρεῖς
630 1824 753 1905 ἔθαψαν
769 1822 853 1886 αὐτὸν
868 1821 939 1902 μετὰ
954 1825 1003 1884 τού
1020 1819 1133 1901 πατρὸς
1144 1817 1238 1883 αὐτοῦ.
1270 1820 1363 1882 ἔκτοτε
1381 1819 1486 1902 ἐγενετο
1499 1819 1604 1901 τέρατα
1617 1819 1778 1902 φαντασιας
1798 1820 1826 1882 ἐν
1847 1822 1887 1898 τῶ
1907 1824 1980 1900 ναῶ,
2004 1817 2050 1884 καί

398 1950 447 2014 ούκ
463 1947 555 2030 ίσχυον
570 1949 599 2013 οἱ
610 1950 689 2032 ἱερεῖς·
704 1952 769 2014 ἰδεῖν
785 1949 925 2013 ὀπτασίαν
941 1947 1062 2031 ἀγγελῶν
1078 1951 1149 2012 θεοῦ
1166 1945 1230 2010 ούτε
1245 1951 1340 2010 δοίυαι
1356 1945 1492 2028 χρησμός
1507 1947 1537 2010 ἐκ
1552 1949 1601 2008 τοῦ
1617 1944 1718 2030 Aulio
1732 1945 1796 2010 ούτε
1809 1949 1944 2030 ἐρωτῆσαι
1963 1949 1991 2012 ἐν
2011 1952 2051 2027 τῶ

397 2077 502 2160 Ἐφούδ
515 2076 578 2140 ούτε
593 2076 639 2142 διὰ
656 2076 743 2159 δήλων
759 2076 949 2158 ἀποκριθῆναι
965 2078 1004 2154 τῷ
1018 2077 1079 2154 λαῶ
1095 2071 1134 2146 ῶς
1147 2073 1180 2138 τό
1196 2069 1301 2157 πρίνέ)

506 2211 541 2266 Η
545 2199 581 2288 ³).
597 2203 772 2286 Ἄνθρωπος
786 2207 836 2266 τοῦ
848 2207 919 2267 θεοῦ
936 2200 952 2266 ό
969 2199 1062 2266 ἐλθὼν
1078 2202 1107 2265 ἐκ
1126 2205 1175 2285 γής
1190 2199 1280 2265 Ἰούδα
1296 2202 1336 2273 εἰς
1348 2197 1524 2283 Ἰερουσαλήμ
1538 2199 1609 2280 πρὸς
1622 2197 1765 2290 Ἱεροβοάμ
1780 2201 1897 2265 Ἰαδῶκ
1919 2204 2051 2268 ἐκαλεῖτο.

399 2325 480 2404 οὗτος
493 2330 679 2413 προεφήτευσε
693 2327 754 2414 περί
770 2330 864 2394 Ἰωσία
880 2333 928 2393 τού
943 2331 1078 2412 βασιλείας
1090 2327 1189 2402 Ἰούδα,
1206 2326 1248 2392 ότι
1262 2327 1299 2392 τὰ
1313 2327 1385 2391 ὀστά
1402 2331 1458 2390 τῶν
1473 2326 1566 2408 ἱερείου
1583 2319 1671 2410 (cod.
1687 2323 1771 2412 ρῶν)
1791 2333 1840 2392 τοῦ
1857 2327 1945 2393 Βάαλ
1963 2328 2050 2413 (eod.

399 2452 467 2543 βάλ)
483 2457 653 2522 κατακαύσει.
667 2453 711 2520 ἐπὶ
725 2459 774 2520 τοῦ
788 2457 999 2540 θυσιαστηρίου,
1019 2455 1094 2520 ἔνθα
1107 2453 1250 2539 Ἱεροβοάμ
1266 2456 1350 2518 ἔθυεν
1364 2457 1398 2535 τή
1415 2453 1510 2518 Βάαλ.
1527 2449 1574 2518 καί.
1588 2454 1809 2538 προφητεύοντος
1824 2455 1909 2520 αὐτοῦ
1924 2458 2051 2532 ἐξέτεινεν

400 2583 417 2649 ό
431 2584 559 2670 βασιλεὺς
571 2584 620 2670 τήν
635 2594 714 2667 χεῖρα
729 2583 814 2648 αὐτού
827 2588 970 2667 συλλαβεῖν
985 2581 1082 2656 αύτόν,
1097 2579 1143 2646 καί
1159 2581 1300 2664 ἐξηράνθη
1315 2578 1332 2663 ή
1347 2578 1404 2664 χείρ
1419 2585 1467 2644 τοῦ
1482 2584 1617 2665 βασιλείας
1632 2585 1801 2664 παραυτόια.

510 2717 546 2778 Θ.
565 2709 627 2776 Καὶ
642 2711 721 2776 άλλοι
736 2709 765 2775 δὲ
781 2714 922 2794 προφῆτα
936 2711 1059 2794 ἐγένοντο
1072 2709 1194 2792 κρυπτοί,
1211 2702 1249 2772 ῶν
1263 2708 1300 2774 τὰ
1314 2707 1440 2790 ὀνόματα
1459 2709 1620 2793 ἐκφερονται
1632 2711 1660 2773 ἐν
1674 2720 1737 2782 ταῖς
1750 2713 1934 2794 γενεαλογιίνις
1951 2711 2051 2789 αὐτῶν,

401 2836 446 2903 ἐπὶ
461 2842 562 2924 uellem
576 2838 722 2921 ὀνομάτων
735 2837 856 2921 Ἰσραήλ·
876 2836 1030 2922 ἐγράφοντο
1045 2836 1098 2919 γάρ
1112 2839 1171 2900 πῶν
1187 2836 1263 2920 γένος
1276 2834 1387 2919 Ἰσραήλ
1400 2831 1447 2900 καί
1462 2835 1500 2901 τά
1513 2835 1640 2918 ὀνόματα
1658 2841 1714 2901 τῶν
1733 2843 1882 2922 προφητῶν
1904 2836 1951 2903 καί
1968 2838 2053 2904 όσιίον

402 2967 522 3048 ἀνδρῶν,
540 2962 587 3030 καί
601 2963 619 3029 ό
636 2964 766 3038 θάνατος
782 2963 876 3028 αὐτῶν
892 2960 939 3027 καί
956 2963 994 3028 τὰ
1009 2963 1157 3044 άξιῶματα
1173 2961 1278 3038 αι’πῶν,
1295 2959 1343 3026 καί
1354 2963 1422 3026 πότε
1437 2962 1627 3046 άπέθνησκον·
1648 2961 1695 3028 καί
1711 2962 1744 3049 ἦν
1759 2965 1799 3038 εἰς
1812 2967 1983 3048 μνημόσυνον
1997 2972 2053 3031 τῶν

401 3094 493 3176 ίερείυν
508 3089 554 3158 καί
568 3094 703 3177 βασιλείαν
718 3088 765 3156 καί
780 3095 930 3175 προφητῶν
946 3088 993 3156 καί
1008 3095 1065 3154 τῶν
1079 3090 1248 3174 μεγιστάνων
1264 3087 1311 3154 καὶ
1325 3088 1410 3154 όσίονν
1425 3089 1541 3172 ἀνδρῶν.

509 3227 533 3285 Ι.
555 3227 585 3284 Σ
589 3222 672 3302 ι’μων
686 3216 703 3284 ό
717 3219 774 3292 υίὸς
791 3223 841 3282 τού
856 3222 984 3293 Κλωπᾶ,
999 3215 1016 3282 ὁ
1035 3217 1152 3302 ἀνεψιὸς
1165 3222 1215 3282 τού
1229 3219 1334 3300 κυρῶν,
1353 3214 1576 3302 συκοφαντηθείς
1589 3216 1645 3284 ύπό
1661 3223 1717 3282 τῶν
1732 3220 1862 3302 αίρείτεοιν
1876 3221 2053 3306 κατηγορήθη

329 3425 333 3436 Ι
402 3345 446 3413 ἐπί
461 3348 589 3412 ’levum
602 3344 746 3411 ύπατικού.
769 3343 817 3410 καὶ
831 3343 876 3410 ἐπί
891 3345 997 3418 πολλάς
1011 3343 1114 3428 ήμέρας
1130 3345 1299 3428 αἰκιζόμενος
1313 3345 1509 3428 ἐμαρτύρησεν,
1524 3343 1564 3418 ῶς
1578 3345 1690 3420 πάντας
1701 3344 1923 3430 ὑπερθαυμάσαι
1937 3345 1984 3413 καί
2005 3350 2053 3414 τόν

400 3473 544 3550 ὑπατικόν,
559 3479 621 3548 πῶς
632 3481 678 3556 ρκ’
694 3475 764 3538 ἐτῶν
778 3472 919 3557 τυγχάνων
932 3469 1056 3554 ύπήιεινε
1070 3473 1123 3545 τάς
1138 3474 1242 3546 αι’κιας·
1262 3469 1309 3538 καί
1324 3474 1459 3537 ἐκελαυσεν
1476 3472 1561 3538 αὐτὸν
1575 3479 1785 3557 σταυρωθήναι.

509 3599 570 3666 Καί
585 3605 676 3666 ταῦτα
689 3599 738 3682 μὲν
753 3603 829 3682 με’χρι
842 3599 956 3664 τούτοιν.
970 3604 1128 3683 παρακαλῶ
1145 3597 1175 3664 δέ
1192 3601 1256 3673 τούς
1267 3599 1483 3683 ἐντυγχάνοντας
1493 3603 1564 3678 τῶδε
1574 3605 1614 3680 τῶ
1625 3600 1762 3685 πονήματι
1772 3601 1854 3686 ήγουν
1869 3607 1909 3683 τῶ
1928 3605 2054 3686 ἱστορικῷ

403 3729 557 3814 διηγήματι,
577 3729 660 3810 εὐχάς
680 3725 741 3810 ήμέν
761 3727 918 3794 άντιδούναι
938 3731 988 3790 τού
1008 3726 1106 3791 κόπου·
1128 3729 1231 3809 νομιῒον
1245 3727 1298 3812 γὰρ
1313 3727 1345 3790 ού
1359 3726 1458 3810 μικρὰν
1471 3727 1612 3811 τυγχάνειν
1626 3727 1675 3812 τήν
1690 3731 1720 3793 ἐκ
1734 3728 1839 3794 τούτων
1852 3730 2000 3814 ῶφελειαν,
2022 3733 2055 3796 τὸ

401 3857 439 3940 μὴ
453 3856 560 3940 ἀγνοεῖν
574 3855 623 3940 τήν
638 3859 694 3918 τῶν
710 3852 796 3939 ἁγίων
810 3853 915 3918 τούτων
930 3855 1070 3918 πολιτείαν
1085 3879 1116 3918 τε
1131 3851 1177 3919 καί
1195 3857 1345 3930 τελειίοσιν,
1361 3853 1404 3919 ὅτι
1419 3853 1509 3937 μνήμη
1524 3857 1629 3920 δικαίου
1643 3856 1700 3936 μετ’
1717 3858 1869 3940 ἐγκονμύον,
1892 3855 1939 3922 καί
1954 3858 2023 3923 διότι
2037 3857 2054 3942 ἡ

403 3983 473 4066 πρὸς
486 3983 550 4055 τοὺς
566 3982 698 4066 ἀγαθοὺς
711 3985 767 4046 τῶν
782 3979 941 4064 ὁμοδούλων
955 3981 1017 4064 τιμή
1034 3981 1173 4058 ἀπόδειξιν
1189 3983 1242 4064 ἔχει.
1256 3985 1306 4064 τῆς
1320 3982 1391 4065 πρὸς
1405 3982 1455 4046 τὸν
1470 3982 1560 4046 κοινὸν
1576 3982 1711 4065 δεσπότην
1725 3982 1841 4057 εύνοίιις.

1191 4209 1264 4274 Vll.

508 4361 595 4426 Huic
622 4363 836 4448 suppositicio
864 4361 1077 4449 Epiphanii
1105 4361 1215 4428 libello
1242 4385 1281 4427 ee
1307 4362 1482 4446 adiungam
1509 4384 1591 4448 quae
1616 4363 1650 4426 in
1677 4363 1793 4428 eodem
1819 4363 1891 4429 eod.
1919 4363 2055 4430 Coislin.

393 4512 452 4554 ,αα
468 4488 540 4552 224.
562 4487 617 4553 fol.
636 4489 684 4553 14.
706 4488 858 4575 leguntur
879 4489 928 4554 de·
943 4489 1144 4554 adamante
1163 4511 1293 4576 gemma
1313 4491 1431 4554 summi
1450 4488 1678 4557 Hebraeorum
1697 4491 1875 4576 pontificis:
1896 4494 1960 4557 ista
1980 4502 2056 4557 sunt

404 4617 491 4682 enim
511 4625 544 4680 et
563 4617 637 4702 ipsa
655 4617 688 4680 in
703 4615 880 4704 Epiphanii
900 4619 1032 4704 seriptis
1047 4619 1154 4704 iisque
1169 4617 1319 4702 genuinis
1335 4641 1355 4682 e
1369 4617 1506 4682 Petavio
1523 4617 1609 4682 edite
1625 4617 1667 4682 ad
1682 4617 1806 4683 calcem
1819 4617 1919 4683 libelli
1935 4619 1975 4682 de
1990 4619 2056 4684 Xll

404 4744 551 4828 gemmis.
587 4741 671 4807 Vide
686 4753 764 4808 tom.
779 4743 822 4808 Π.
838 4768 869 4831 p.
885 4745 949 4810 230
964 4767 1012 4831 sq.
1042 4743 1237 4809 Exseribam
1253 4755 1362 4810 autem
1378 4767 1396 4810 e
1412 4745 1484 4809 eod.
1503 4742 1603 4808 Ouisl.
1619 4755 1744 4810 tentum
1757 4768 1796 4810 ea
1811 4767 1894 4831 quae
1910 4745 1951 4810 ab
1967 4747 2055 4811 edito

404 4880 496 4935 textu
511 4869 619 4956 aliquo
635 4871 733 4936 modo
749 4871 911 4937 differunt.

509 4997 544 5064 Ὁ
557 5001 640 5073 λίθος
654 4997 671 5063 ό
688 4999 803 5082 άδάμας
818 5001 935 5085 ἐμφερής
949 5003 1021 5066 ἐστιν
1035 5005 1075 5080 τῷ
1091 5001 1158 5084 άέρι.
1174 5001 1206 5065 όν
1222 5001 1312 5085 ἐφόρει
1327 4999 1343 5064 ό
1358 5001 1496 5084 άρχιερείνς
1509 4999 1557 5065 ὅτε
1572 5040 1581 5050 -
1596 5040 1605 5050 -
1620 5006 1669 5066 τού
1683 5002 1782 5084 πάσχα
1796 4999 1843 5066 καί
1859 5007 1894 5086 τη
1909 5029 1937 5068 υ·
1958 5001 2004 5068 καί
2023 5009 2055 5085 τή

405 5129 576 5210 σκηνοπηγίᾳ
590 5166 600 5176 -
615 5166 624 5176 -
642 5127 691 5212 τήν
710 5128 845 5209 ἐπωμίδα.
867 5129 965 5212 ἧρχετο
981 5125 1009 5192 δέ
1024 5125 1041 5211 ή
1056 5125 1159 5211 ἐπωμίς
1175 5128 1330 5212 κακώτερον
1345 5167 1354 5177 -
1370 5167 1380 5177 -
1394 5125 1441 5192 καί
1455 5127 1574 5212 ήγαίιεως
1587 5129 1620 5194 τὸ
1634 5168 1643 5178 -
1658 5168 1667 5178 -
1683 5129 1832 5194 ἐπάνωθεν
1845 5135 1903 5194 τῶν
1915 5134 2011 5212 μαζῶν
2029 5133 2058 5196 ἐν

460 5269 478 5339 ¹)
491 5265 544 5318 His
564 5266 622 5320 exit
638 5266 753 5322 libellus
771 5267 801 5322 in
819 5267 918 5322 codice
932 5267 1020 5323 Coisl.
1034 5268 1091 5322 120.
1115 5268 1196 5332 Quae
1319 5272 1339 5330 ³)
1353 5267 1434 5332 Quae
1447 5269 1501 5322 ism
1512 5275 1673 5342 sequuntur
1683 5276 1775 5341 usque
1788 5269 1885 5338 finem,
1903 5288 1938 5326 εει
1953 5271 1983 5325 in
1998 5271 2056 5326 edi·

408 5355 566 5424 sequuntur
578 5352 669 5421 vilse,
682 5369 716 5407 ex
729 5352 820 5408 allero
833 5352 894 5408 solo
905 5352 1025 5407 haustae
1038 5359 1112 5407 sunt.
1269 5353 1464 5408 tionePetsvii
1477 5371 1535 5408 non
1547 5354 1699 5410 habentur.
1716 5357 1823 5412 Eorum
1832 5356 1898 5412 locu
1908 5356 1949 5410 ibi
1959 5357 2057 5427 legun·

458 5439 479 5496 ²1
493 5434 537 5489 cf.
549 5435 622 5493 haec
637 5445 762 5492 extrema
775 5455 839 5492 cum
853 5439 986 5493 extremis
1000 5437 1075 5492 vitae
1088 5437 1195 5492 Zaehu·
1269 5445 1315 5492 tur
1323 5438 1379 5492 tria
1388 5438 1446 5492 ulis
1454 5438 1621 5494 brevissime
1632 5447 1785 5512 conceptu:
1795 5441 1809 5494 ὁ
1819 5445 1930 5509 βίοςτοῦ
1939 5444 2058 5512 Συμεών,

405 5519 464 5573 riae
477 5536 534 5592 pag
556 5521 613 5576 113.
754 5548 757 5554 ·
1268 5522 1283 5576 ὁ
1295 5529 1353 5590 βίος
1362 5523 1483 5577 Ἰωάννου
1494 5528 1543 5577 τοῦ
1554 5529 1717 5594 βαπτιστοῦ,
1729 5531 1856 5592 ἐπίλογος.
