5284 6620
625 702 667 766 90

623 906 779 972 παόσονται
793 909 842 986 τὴς
855 903 916 968 κατ’
933 905 998 988 ἐμοῦ
1014 903 1159 986 ζητὴσεοος·
1183 905 1210 969 εί
1221 902 1251 968 δέ
1264 901 1312 970 καί
1326 903 1381 971 ὑπὸ
1395 910 1536 990 βασιλιιιὴς
1548 905 1637 990 χειρὸς
1652 907 1826 991 ἀναιρεθείη,
1845 909 1971 992 με’χιστον
1988 909 2096 980 πένθος
2114 908 2220 986 ἕξουσιν
2240 911 2267 974 οἱ

623 1034 721 1102 τούτου
740 1038 849 1105 παιδες,
870 1029 965 1104 οἵτινες
984 1028 1030 1114 ἐμὲ
1048 1032 1248 1104 καταλιπόντες
1265 1032 1470 1116 προσφοχόντες
1488 1037 1528 1112 τῷ
1547 1035 1659 1116 Πάτρων
1678 1039 1857 1118 συνεργοῦσιν.
1901 1033 1951 1099 24.
1980 1035 2146 1120 Ἀννσοβάον
2168 1033 2265 1101 δὲκαὶ

620 1163 751 1228 Ἀππίαν
765 1159 825 1224 κατ’
843 1159 915 1224 ἰδίαν
929 1157 978 1224 τὸν
995 1163 1129 1224 Φαῦστον
1143 1157 1266 1241 αἰρόντες
1279 1157 1329 1242 τὴν
1343 1159 1486 1244 ἐπιβονλὴν
1504 1161 1645 1244 ἔξίφηναν.
1683 1159 1747 1227 ὅδὲ
1769 1165 1904 1236 (θσαῖστος
1922 1163 1972 1228 οἰοι
1990 1162 2148 1228 ἐπιστεσσεν
2169 1163 2265 1246 ἀληθὴ

621 1291 691 1354 εἶναι
711 1288 749 1354 τά
770 1286 910 1370 λεγόμενα.
946 1285 1144 1369 σονδειπνὴσιις
1162 1281 1192 1350 δέ
1210 1284 1227 1350 ό
1245 1285 1339 1369 πατὴρ
1357 1287 1428 1369 μετά
1442 1289 1572 1371 Σιμοσνσς
1589 1285 1637 1353 καί
1649 1288 1811 1362 Ἀππίιωνσς
1829 1286 1877 1354 καί
1889 1289 2100 1374 Ἀννσοβιωνος,
2124 1289 2264 1373 ἕλαβενέιι

620 1415 710 1501 χειρὸς
727 1419 777 1480 τοῦ
791 1415 921 1496 Σίμωνος
938 1409 971 1478 τό
989 1417 1086 1496 μῦρον,
1106 1409 1153 1478 καί
1171 1413 1204 1478 τὸ
1224 1410 1291 1478 ἴδιον
1303 1417 1404 1497 χρίσας
1417 1413 1568 1498 πρόσωπον
1582 1415 1631 1499 τὴν
1646 1420 1695 1482 τοῦ
1709 1417 1839 1500 Σίμωνος
1852 1417 2039 1500 προσελάβετο
2053 1417 2173 1500 μσρφὴν·
2192 1417 2263 1500 πλὴν

621 1546 649 1609 ἐν
663 1545 730 1626 μίση
744 1567 774 1626 χε
788 1538 863 1606 ννκτῖ
878 1539 1006 1613 ἀναστάς
1020 1538 1036 1606 ὁ
1051 1542 1148 1622 Σίμων
1162 1539 1211 1624 τὴν
1226 1537 1272 1606 ἐπί
1284 1540 1422 1606 Ἰουδαίαν
1437 1541 1554 1607 ἐποιεῖτο
1567 1543 1662 1626 φιηὴν.
1706 1540 1756 1606 25.
1780 1541 1855 1626 ἡμεῖς
1869 1541 1899 1607 δὲ
1912 1545 1938 1608 οῖ
1951 1543 2079 1617 συνόντες
2092 1545 2133 1624 τῷ
2141 1546 2263 1627 Πέτρονι,

619 1671 650 1736 δι’
668 1668 732 1753 ὅλης
745 1667 842 1741 νυκτὸς
856 1666 1016 1749 ἐπαλλὴλως
1029 1666 1235 1748 πυνθανόμενοι
1247 1665 1302 1733 ι’πό
1316 1693 1347 1732 τε
1360 1665 1458 1751 ἡδονὴς
1471 1666 1518 1733 καὶ
1530 1674 1624 1753 χαράς
1637 1673 1694 1734 τοῖν
1713 1672 1864 1754 λεχομείων
1880 1671 2012 1753 νὴφσντες
2028 1671 2260 1754 ἐνοκτερεάσιηισν.

617 1797 668 1883 ἡδη
688 1799 722 1863 δέ
735 1821 797 1868 πως
815 1791 912 1867 ιοκτιλς
929 1793 1155 1877 ιἰπανχαζομενης
1170 1793 1281 1878 Πέτρος
1299 1794 1440 1878 ἐμβλαῆρας
1460 1795 1522 1878 ἐμοί
1536 1821 1566 1860 τε
1579 1793 1627 1860 καί
1641 1807 1700 1869 τοῖς
1714 1796 1846 1880 ἀδελφοῖς
1858 1825 1911 1879 μον
1925 1797 1977 1881 ἔφη
1991 1803 2129 1880 Λιαπορῶ
2144 1801 2175 1864 τί
2186 1797 2261 1875 ἔδοξε

618 1930 670 1992 τάν
687 1924 818 2008 ἡμετερωι
836 1923 929 2004 πατρί.
966 1917 1013 1985 καί
1026 1922 1153 2004 λε’χοντος
1165 1925 1248 1986 τοῦτο
1262 1915 1325 2004 ἡκεν
1339 1921 1354 1988 ὁ
1368 1922 1462 2006 πατὴρ
1477 1922 1592 1998 αι’πόθι,
1615 1923 1665 1990 τὸν
1680 1925 1791 2006 Πέτρον
1805 1922 1867 2007 ἡμῖν
1885 1922 1949 2008 περὶ
1968 1925 2054 1991 αι’τοῦ
2072 1925 2261 2009 διαλεγόμενον

617 2050 798 2136 καταλαβών·
821 2046 868 2114 καί
884 2049 1050 2131 ἀθνμοῖιντα
1065 2048 1131 2113 ι’δάν
1145 2048 1372 2132 προσαγορεύσας
1386 2049 1585 2132 ἀπελοχίσατο,
1607 2051 1640 2116 τὸ
1654 2051 1686 2116 δι’
1702 2049 1736 2133 ἡν
1751 2051 1845 2116 αίτιάν
1864 2051 1917 2128 ἔξω
1936 2055 2101 2135 κεκοιμηται.
2137 2051 2212 2136 ἡμεῖς
2231 2051 2261 2118 δέ

617 2181 795 2264 ἐμβλεποντες
810 2177 886 2257 αὐτῷ
900 2175 1100 2258 ἐξειστὴιιειμεν,
1114 2172 1147 2240 τό
1162 2177 1233 2248 εἶδος
1246 2177 1376 2258 Σίμωνος
1390 2175 1516 2259 ὁρῶντες,
1531 2183 1626 2261 φωνὴς
1640 2175 1669 2242 δὲ
1683 2183 1732 2244 τοῦ
1747 2179 1856 2262 πατρὸς
1869 2177 1946 2262 ἡμων
1957 2179 2105 2252 ἀκοίοντες
2116 2179 2259 2246 Φαίστου.

615 2306 664 2372 καὶ
678 2305 710 2390 δὴ
724 2305 880 2389 (μετεχόντων
894 2302 970 2387 ἡμῶν
986 2299 1070 2367 αι’ντὸν
1090 2302 1272 2384 ἐξεπέπληκτο
1291 2301 1307 2368 ό
1326 2301 1419 2387 πανὴρ
1437 2300 1481 2368 ἐπὶ
1499 2302 1532 2371 τὸ
1551 2301 1639 2377 οίπως
1658 2305 1773 2388 ἀπηνῶς
1790 2303 1838 2370 καῖ
1858 2306 2011 2389 ἐχθρωδῶς
2030 2306 2107 2386 αδτοῖ
2124 2312 2258 2390 χρὴσθαι.

615 2435 665 2499 26.
703 2433 786 2516 μόνος
804 2428 833 2495 δέ
853 2431 963 2512 Πένρσς
981 2427 1030 2512 τὴν
1048 2427 1123 2492 κατά
1141 2429 1223 2510 φίσιν
1246 2429 1332 2494 αὐτοῦ
1353 2429 1427 2512 ὁρῶν
1447 2431 1556 2514 μσρφὴν
1574 2431 1645 2513 πρὸς
1666 2431 1740 2515 ἡμεῖς
1761 2433 1812 2516 ἔφη
1845 2435 1929 2506 Τίνος
1950 2433 2030 2498 ἕνεκα
2052 2434 2259 2518 βδελυσσόχανω

615 2563 786 2627 ἀπωθεῖσθε
801 2557 850 2624 τὸν
862 2556 990 2640 ἡμέτερον
1005 2557 1115 2638 πατέρα
1119 2584 1129 2629 ς
1143 2554 1218 2637 ἡμεῖς
1232 2553 1262 2620 δὲ
1275 2553 1323 2620 καί
1336 2555 1354 2640 ἡ
1366 2557 1454 2640 μὴτηρ
1468 2557 1573 2641 ἔφαμεν
1579 2561 1678 2642 Σὴιων
1691 2559 1754 2642 ἡμῖν
1768 2555 1849 2633 οὗτος
1861 2562 1999 2643 φαίνεται,
2014 2559 2109 2644 ιΡωιὴν
2125 2561 2194 2645 ἔχων
2208 2565 2258 2626 τοῦ

613 2689 742 2773 ἡμετέρσο
756 2686 870 2768 πατρός.
892 2682 939 2748 καὶ
958 2683 974 2749 ὁ
990 2685 1101 2765 Πέτρος
1119 2683 1170 2766 ἔφη
1194 2683 1276 2766 Ὑμῖν
1289 2709 1338 2765 μεν
1351 2682 1368 2767 ἡ
1384 2684 1539 2769 ἀμάχεοτος
1553 2685 1639 2750 αὐτοῦ
1653 2685 1732 2769 φωνὴ
1746 2686 1815 2770 μόνη
1831 2687 1964 2770 γνώριμός
1979 2688 2059 2762 ἐστιν,
2076 2687 2140 2771 ἐμοῦ
2155 2686 2184 2752 δέ
2199 2699 2257 2761 τοῖς

614 2814 777 2899 ἀμαχεάτοις
797 2813 959 2895 ὀφθαλμοῖς
975 2807 1023 2874 καὶ
1041 2809 1074 2875 τὸ
1089 2811 1160 2882 εἶδος
1175 2809 1260 2874 αιἰτοῦ
1273 2808 1313 2882 ὥς
1328 2810 1400 2875 ἐστιν
1414 2810 1525 2894 ὁράται,
1540 2809 1632 2896 ότιμὴ
1648 2812 1705 2878 ἔστι
1721 2808 1795 2896 (εἰσ)
1813 2816 1910 2896 Σίμων
1925 2814 1999 2880 ἀλλά
2018 2819 2153 2888 Φαῦστος
2167 2814 2183 2881 ό
2197 2815 2256 2898 ν”μέ

612 2969 690 3026 τερος
704 2941 804 3023 πατὴρ.
840 2939 903 3005 τότε
917 2936 949 3021 δὴ
963 2938 1178 3021 προσεμβλέψοις
1192 2934 1239 3001 καί
1252 2942 1303 3002 τοῖν
1323 2935 1410 3020 πατρὶ
1425 2938 1476 3021 ἔφη
1508 2938 1550 3004 Τὸ
1565 2939 1672 3022 χνὴσιόν
1691 2965 1742 3006 σου
1760 2941 1832 3012 εἶδος
1850 2942 1945 3015 αὐτοῖς
1963 2942 1996 3006 σίν
2012 2943 2156 3024 φαίνεται,
2179 2943 2253 3008 ἀλλὰ

612 3073 740 3154 Σὴιωνος
758 3071 807 3132 τοῦ
826 3064 1013 3148 ἀσεβεστάτον
1031 3061 1077 3128 καί
1092 3063 1154 3146 ἡμῖν
1169 3064 1308 3146 ἔχθιστον.
1351 3064 1401 3128 27.
1429 3069 1585 3131 ταῦταποῦ
1601 3068 1712 3150 Πέτροο
1726 3070 1916 3151 διαλεχομίνσο
1932 3069 2049 3150 ἐπεισὴει
2062 3095 2104 3142 τις
2119 3074 2175 3133 τῶν
2189 3095 2255 3152 προ

661 3293 702 3348 24.
714 3293 806 3362 Epit.
821 3291 901 3344 Ἆππ.
914 3293 940 3343 δὲ
952 3311 973 3341 κ.
983 3289 1050 3342 'Arm
1062 3311 1084 3340 κ.
1099 3293 1114 3342 δ.
1131 3289 1221 3341 πάντα
1236 3293 1271 3358 τῷ
1285 3289 1396 3358 Φαύστῳ

611 3382 772 3449 διασαφοῦοι
783 3381 826 3430 καὶ
836 3377 883 3444 τὴν
894 3383 933 3428 ἐπ.
946 3375 1081 3446 φράζουσι.
1100 3377 1144 3427 καὶ
1155 3373 1169 3427 ὁ
1183 3379 1215 3427 Φ.
1228 3373 1274 3428 σιἰιι
1285 3373 1396 3444 ἀληθεῖς

610 3463 746 3522 εἶναιτοὺς
760 3463 852 3527 λόχους
869 3467 991 3530 νομίσας,
1009 3463 1135 3513 σονδειπν.
1155 3464 1191 3528 τῷ
1202 3464 1265 3530 Σίμ.
1282 3459 1350 3528 μετά
1365 3481 1394 3525 χε

609 3553 660 3604 τῶν
670 3554 776 3620 ἐναίρων
785 3547 865 3601 'Ama
876 3567 903 3600 τε
917 3545 1010 3599 κ.’Λνν.
1022 3551 1047 3596 ἐκ
1057 3565 1121 3616 χειρ.
1132 3549 1180 3599 τοτ’
1192 3551 1255 3614 Σδμ.
1269 3546 1395 3616 λαμβάνει

608 3637 639 3688 τό
650 3639 740 3705 μῦρον,
753 3655 774 3686 ιι.
783 3655 807 3686 τ.
815 3639 833 3686 1.
845 3633 1017 3702 ἀλειψάμενος
1028 3649 1072 3700 πρ.
1082 3663 1098 3673 -
1106 3661 1123 3672 -
1132 3630 1213 3690 εὐθὺς
1227 3629 1306 3684 ἡπέδιι
1316 3651 1394 3702 μορρ.

608 3754 624 3763 -
637 3753 650 3765 -
661 3741 689 3786 γε
701 3722 732 3792 τῇ
744 3741 766 3773 ν.
776 3718 918 3778 διαναστάς
931 3749 947 3759 -
958 3749 974 3759 -
990 3721 1032 3770 ἐπὶ
1047 3721 1093 3784 τῆς
1107 3716 1238 3775 Ἰουδαίας
1255 3716 1338 3786 φογὴν
1353 3723 1393 3770 ἐπ.

608 3807 641 3860 In
654 3805 746 3862 Hom.
760 3805 796 3858 ef.
807 3803 872 3871 XX,
888 3803 926 3856 14.
936 3803 1003 3856 Ἁνν.
1018 3803 1080 3871 [γάρ
1093 3804 1196 3871 οἰκεῖός]
1208 3802 1261 3871 μού
1272 3823 1303 3871 με
1318 3805 1394 3864 φιλῶν

606 3911 684 3962 μοστ.
695 3891 743 3960 τὴν
754 3895 822 3957 ἐπηθ.
833 3893 955 3956 ἐξέφηνεν.
971 3892 1014 3940 καὶ
1024 3887 1069 3940 σία
1081 3893 1229 3941 ἐπίστευσα.
1256 3887 1329 3940 Item
1347 3903 1392 3941 ex·

607 3985 698 4031 trema
709 3975 775 4043 πλὴν
787 3981 812 4027 εν
825 3975 925 4029 ε1ο.εδ
939 3973 1055 4027 verbum
1068 3972 1203 4042 leguntur
1213 3971 1279 4040 XX,
1292 3972 1332 4024 17.

656 4062 698 4116 25.
714 4061 809 4114 Hom.
821 4058 891 4126 XX,
905 4059 945 4112 12.
969 4058 1060 4128 Epit„
1073 4055 1232 4112 CXXXVI.
1245 4055 1316 4124 ἡμεῖς
1328 4061 1355 4110 δέ
1366 4062 1393 4111 σῖ

607 4165 658 4200 ατ.
664 4147 699 4200 Π.
713 4143 803 4214 (ΕΡ.·ἡ.
814 4147 837 4196 δ.
848 4165 876 4208 γε
890 4147 915 4196 ολ
925 4165 950 4196 τ.
961 4145 1068 4205 Π.σον.)
1079 4173 1095 4183 -
1106 4175 1122 4184 -
1133 4146 1223 4196 ἐπαλλ.
1235 4151 1318 4195 πονθ.
1328 4143 1391 4212 (ΕΡ.

606 4229 724 4298 άλλὴλοις
737 4232 918 4299 διομιλοῑιντες,
931 4229 982 4282 σεδ
993 4229 1029 4282 al.
1042 4245 1105 4282 eum
1118 4234 1227 4291 nostro)
1237 4259 1273 4272 --
1283 4229 1391 4296 ἐνοττερ.

607 4315 667 4385 (ΕΡ.
681 4319 797 4378 διενιατ.)
813 4339 827 4349 ·
843 4341 859 4352 -
875 4314 965 4372 νυκτὸς
981 4313 1043 4382 (ΕΡ.
1055 4317 1102 4380 τῆς
1118 4317 1193 4376 νισιτ.)
1213 4311 1256 4365 ε’νπ.
1268 4313 1315 4364 HI.
1327 4313 1390 4381 (Ep.

605 4398 690 4469 ὀΠέ.)
702 4431 718 4440 -
731 4433 744 4443 -
755 4419 783 4452 τε
797 4399 857 4468 (ΕΡ.
870 4403 962 4464 0111)-
973 4429 989 4439 -
999 4419 1052 4466 μου
1065 4398 1127 4468 (ΕΡ.
1141 4403 1206 4460 om.)
1217 4429 1233 4440 -
1245 4431 1260 4439 -
1271 4404 1300 4450 τί
1309 4401 1344 4450 ἐδ.
1354 4400 1390 4464 τῷ

605 4483 648 4555 δμ.
659 4503 707 4538 πα.
720 4485 783 4553 (ΕΡ.
792 4489 821 4536 τί
831 4483 884 4553 ἀρα
895 4503 922 4546 χε
935 4487 970 4550 τῷ
984 4481 1025 4552 ὑμ.
1038 4501 1086 4535 πα.
1097 4489 1182 4546 χέγονε
1196 4481 1390 4556 [al.1603e]ft-

603 4574 683 4624 τοῦτο
700 4569 762 4639 (Ep.
772 4573 868 4630 ταῦτα)
885 4559 922 4636 ἡν.
935 4567 949 4620 ὁ
962 4588 991 4620 π.
1003 4589 1030 4622 α.
1042 4569 1104 4638 (ΕΡ.
1117 4567 1175 4622 ἰδοὺ
1191 4573 1234 4620 καὶ
1250 4566 1264 4620 ὁ
1280 4589 1328 4620 πα.
1341 4557 1388 4637 ἡκ.)

603 4687 619 4698 -
630 4687 646 4698 -
658 4659 749 4709 ναταλ.
762 4655 823 4724 (ΕΡ.
831 4656 881 4724 ἤδη
892 4660 958 4718 κατ.)
971 4659 1014 4705 καὶ
1026 4653 1076 4706 ἀθ.
1089 4657 1122 4706 (δ.
1134 4673 1178 4724 πρ.
1191 4654 1252 4724 (ΕΡ.
1263 4653 1349 4722 ἀθιιμ.
1361 4673 1388 4705 τε

604 4745 637 4796 ιδ.
649 4746 692 4794 καὶ
704 4745 758 4808 πρ.)
771 4735 953 4808 ἀπελσγὴσστο
965 4746 1098 4810 (sequens
1110 4739 1141 4794 τὸ
1155 4745 1274 4810 uterque
1294 4744 1387 4792 textus

604 4831 667 4892 om.)
685 4859 702 4869 -
717 4857 734 4868 -
750 4825 921 4893 ἐξεστὴκεηιιεν
933 4855 950 4866 -
961 4855 976 4864 -
989 4823 1069 4876 αιίτδν
1081 4824 1153 4894 (ipse
1167 4825 1230 4879 eod.
1242 4823 1326 4878 Hom.
1338 4821 1389 4875 αι’ν-

601 4915 660 4976 τοῖν)
674 4915 717 4963 καὶ
728 4911 891 4975 στοχοάιτοιν
901 4909 964 4978 (Ep.
978 4907 1048 4962 haec
1061 4915 1125 4972 om.)
1138 4911 1204 4967 δξεπ.
1216 4907 1286 4960 ὁπα.
1297 4907 1360 4977 (ΕΡ.
1373 4907 1388 4962 ὁ

602 5017 649 5050 πα.
663 4999 731 5056 ἐξεπ.
746 4999 799 5060 (ἐπὶ
815 4999 850 5063 τῷ
867 5016 889 5047 ο.
903 4993 929 5048 ἀ.
941 5016 963 5046 ν.
975 4996 1076 5062 ἐχθρῶς
1094 5013 1122 5046 α.
1131 5013 1172 5061 χρ.
1185 4993 1246 5063 (ΕΡ.
1259 4994 1303 5048 ed.
1316 4993 1388 5046 haee

603 5081 698 5137 omnia
714 5097 782 5148 om„
799 5080 858 5134 σεδ.
876 5080 912 5132 al.
930 5077 1017 5133 habet
1033 5083 1076 5130 ἐπὶ
1089 5079 1121 5131 τὰ
1135 5077 1190 5131 σόν.
1201 5079 1228 5132 ἀ.
1239 5100 1261 5130 ιι.
1274 5081 1387 5148 ἐχθρω).

602 5187 628 5220 ν·
640 5169 694 5234 ιο)

651 5251 693 5307 26.
705 5249 797 5303 Ηο111.
810 5249 828 5301 l.
838 5248 856 5302 l.
869 5255 899 5302 et
909 5247 933 5301 E
939 5249 999 5319 pit.
1013 5248 1030 5300 l.
1044 5247 1061 5300 l.
1078 5280 1093 5289 -
1105 5280 1121 5290 -
1132 5247 1197 5316 ὀρῶν
1208 5245 1309 5317 μορρὴν
1322 5247 1386 5316 (ΕΡ.

600 5356 644 5404 μο.
661 5336 761 5404 ἐνορῶν)
780 5366 793 5376 -
807 5365 823 5374 -
840 5335 911 5386 ἕνεκα
926 5337 997 5401 βδελ.
1013 5332 1060 5386 ἀπ.
1070 5355 1094 5386 τ.
1108 5331 1149 5403 ιἰμ.
1166 5352 1213 5386 πα.
1231 5333 1292 5402 (ΕΡ.
1309 5335 1387 5384 δ’νεκεν

600 5419 647 5474 τόν
658 5418 701 5490 ὖμ.
713 5417 804 5472 ἀπωθ.
816 5437 863 5470 πα.
875 5421 919 5469 καῖ
930 5417 1143 5488 ἀποστρέφεσθε)
1155 5416 1199 5488 ἡμ.
1212 5421 1238 5471 δὲ
1250 5439 1271 5470 κ.
1282 5413 1297 5484 ἡ
1308 5438 1336 5486 μ.
1350 5422 1386 5478 ἐφ.

602 5504 662 5574 (ΕΡ.
674 5501 718 5572 ἡμ.
731 5505 757 5555 δέ
773 5501 838 5572 πρὸς
854 5501 934 5554 αὐτόν
950 5507 994 5555 ταὶ
1009 5502 1025 5570 ἡ
1041 5503 1126 5573 μὴτηρ
1144 5503 1253 5576 absque
1267 5507 1312 5567 ἐφ.)
1325 5506 1388 5570 Σίμ.

1469 3291 1530 3361 (ΕΡ.
1542 3288 1583 3344 ότι
1593 3295 1645 3357 ΣΙ.)
1662 3325 1678 3334 -
1691 3327 1704 3336 -
1717 3297 1762 3359 ἴση
1775 3292 1838 3364 (ΕΡ.
1852 3293 1892 3348 Οὔ
1898 3334 1905 3357 ,
1924 3297 2007 3361 φησίν)
2019 3325 2036 3335 -
2047 3325 2063 3334 -
2073 3294 2140 3363 μάνη
2151 3315 2190 3359 χν.
2202 3301 2253 3349 ἐστ.

1468 3375 1530 3446 (ΕΡ.
1541 3397 1580 3441 χν.
1593 3383 1611 3430 ἐ.
1621 3381 1658 3446 μ.)
1675 3409 1691 3418 -
1707 3409 1724 3419 -
1740 3378 1786 3432 εἶδ.
1803 3377 1886 3432 αι’τοῦ
1903 3377 1935 3438 ὥς
1949 3384 1999 3432 ἐστ.
2016 3377 2111 3450 ἐρατόν
2128 3380 2189 3450 (ΕΡ.
2206 3380 2253 3434 εῖδ.

1467 3459 1559 3516 ὁποῖόν
1571 3464 1625 3515 ἐστι
1636 3463 1807 3534 καθορᾶται),
1819 3463 1860 3516 ότι
1872 3464 1935 3533 (ΕΡ.
1941 3469 2004 3529 ἐπεῖ)
2016 3465 2053 3533 μὴ
2061 3465 2253 3534 ἐστ.Σ(μ-.(ΕΡ.

1465 3547 1502 3616 μιν)
1517 3552 1560 3600 St.
1578 3550 1629 3601 ἐστ.
1644 3539 1730 3608 οὗτος)
1747 3580 1764 3591 -
1779 3581 1795 3590 -
1811 3548 1897 3618 πατὴρ
1915 3549 1978 3619 (ΕΡ.
1991 3549 2068 3609 ὄντος
2081 3549 2140 3621 πα.)
2154 3584 2166 3593 -
2178 3584 2192 3594 -
2205 3556 2253 3622 ἐφη

1467 3631 1528 3702 (ΕΡ.
1540 3635 1614 3698 λέχει)
1628 3635 1719 3702 [ῖδι]ον
1730 3633 1792 3704 (ΕΡ.
1805 3633 1836 3687 τὸ
1847 3635 1963 3702 χνὴοιον,
1976 3641 2063 3706 atque
2077 3635 2118 3688 sie
2126 3636 2211 3690 etiam
2223 3637 2253 3690 in

1466 3715 1549 3772 Hom.
1566 3719 1681 3772 omnino
1702 3719 1883 3772 scribendum
1901 3722 1952 3784 εσ1)
1969 3750 1984 3760 -
1997 3750 2013 3760 -
2028 3720 2157 3784 ἐχθίστου
2170 3719 2252 3784 (haec
2306 3773 2312 3783 ,

1465 3819 1519 3855 vox
1532 3801 1562 3856 in
1573 3803 1657 3858 Hom.
1671 3802 1771 3858 codiee
1783 3805 1887 3873 periit).

1515 3887 1556 3941 27.
1567 3887 1660 3943 Hom.
1673 3887 1742 3956 XX,
1757 3889 1795 3944 13.
1814 3887 1902 3958 Epit.
1915 3887 2089 3952 CXXXVII.
2100 3921 2118 3932 -
2129 3921 2145 3932 -
2161 3893 2252 3958 ἐληλο-

1465 3971 1521 4032 θιδς
1533 3972 1627 4037 (Hom.
1640 3989 1675 4027 ex
1688 3972 1854 4028 coniectura
1865 3973 2006 4028 Dresselii
2019 3972 2187 4038 ὑποσταφεις,
2200 3975 2251 4030 σεδ

1464 4072 1570 4127 repone
1587 4057 1682 4128 potius
1698 4060 1814 4126 ἐληλοο.)
1832 4062 1866 4111 λε’.
1883 4061 1961 4128 Πέτρ.
1974 4059 2035 4129 (ΕΡ.
2050 4067 2114 4124 om.)
2133 4091 2149 4102 -
2165 4092 2181 4102 -
2197 4061 2252 4130 κάρ.

1462 4163 1515 4210 μοο
1528 4142 1589 4211 (ΕΡ.
1602 4143 1667 4198 add.
1680 4145 1774 4214 Πέτρε)
1787 4177 1802 4185 -
1816 4179 1828 4188 -
1841 4143 1883 4197 ὅτε
1896 4141 1995 4213 ιἰπὴρχε
2010 4143 2073 4210 (hae
2082 4145 2155 4200 duae
2165 4163 2251 4200 voces

1463 4225 1536 4280 male
1549 4227 1578 4280 in
1590 4226 1674 4282 Hom.
1688 4229 1801 4292 desunt)
1815 4264 1829 4273 -
1843 4263 1856 4273 -
1868 4233 1949 4282 ποιῶν
1961 4228 2034 4282 οὐδὲν
2047 4231 2112 4282 ἀλλο
2128 4231 2251 4284 σπονδά-

1463 4301 1575 4379 ζωνὴνὴ
1593 4318 1618 4366 σε
1634 4313 1744 4384 μισητὸν
1758 4313 1848 4373 αιῖτοῖς
1864 4317 2037 4380 καταστῆσαι·
2057 4315 2139 4384 (haee
2156 4315 2250 4370 omnia

1463 4397 1529 4450 inde
1542 4395 1578 4450 ab
1591 4396 1665 4450 οὐδέν
1677 4400 1706 4452 in
1717 4398 1801 4454 Hom.
1814 4400 1933 4468 δεεσσε)
1946 4399 1998 4453 σεδ
2010 4401 2141 4454 videntur
2152 4401 2194 4456 ibi
2204 4416 2249 4455 ea·

1463 4481 1525 4536 dem
1543 4483 1662 4552 quaein
1681 4489 1802 4538 nostro
1821 4484 1920 4538 codiee
1938 4484 2073 4555 leguntur
2089 4487 2163 4540 male
2177 4485 2249 4540 exci-

1463 4567 1552 4633 δίσεσ,
1566 4566 1682 4622 librario
1696 4572 1805 4622 εποιῶι
1814 4569 1909 4638 priore
1922 4568 1958 4622 ad
1968 4571 2111 4638 posterius
2125 4571 2249 4624 transili-

1462 4657 1536 4715 ente)
1553 4651 1639 4721 μάγον
1649 4673 1677 4705 τε
1690 4661 1751 4722 (Ρτο
1764 4675 1791 4706 τε
1805 4654 1883 4724 quod
1900 4653 1929 4706 in
1946 4655 2008 4724 ipso
2026 4655 2089 4710 eod.
2101 4656 2250 4710 invenerat

1460 4735 1559 4790 Dress.
1572 4757 1600 4790 σε
1619 4738 1762 4808 reposuit3
1780 4739 1831 4792 σεδ
1844 4739 1958 4793 omnino
1970 4759 1998 4792 τε
2011 4740 2190 4795 retinendum
2204 4747 2249 4793 est

1460 4821 1599 4876 restitutis
1609 4821 1644 4875 iis
1655 4839 1729 4894 quae
1736 4823 1911 4890 exciderunt)
1918 4857 1933 4865 -
1940 4846 1983 4877 -ν,
1989 4825 2177 4896 μιαιφ.(Ηοιο.
2185 4847 2206 4876 ν.
2211 4846 2249 4892 με.

1461 4913 1537 4970 0111)·
1553 4911 1596 4960 καὶ
1608 4907 1672 4976 (ΕΡ.
1684 4907 1721 4978 ἐρ’
1735 4899 1818 4976 ἡκαὶ)
1829 4907 1893 4978 πρὸς
1904 4909 1965 4978 (ΕΡ.
1979 4916 2043 4977 0111.)
2055 4931 2111 4964 τοο.
2123 4908 2181 4962 αὐτ.
2192 4917 2247 4978 μῖσ.

1460 5009 1522 5060 παρ.
1530 4993 1590 5061 (ΕΡ.
1598 5010 1649 5062 pro
1661 5001 1716 5062 μῖσ.
1723 5012 1786 5064 παρ.
1799 4993 1887 5050 habet
1898 4993 2002 5064 ἡρέθισε
2015 4995 2082 5048 κατὰ
2096 4997 2153 5058 σοιἰ)
2164 4992 2196 5052 ὥς
2207 4996 2247 5058 νλ.

1459 5077 1506 5130 πά.
1518 5077 1598 5146 άναρ.
1609 5081 1660 5131 τῶν
1673 5079 1723 5144 (ita
1729 5078 1827 5134 Dress.
1834 5097 1886 5150 pro
1898 5079 1945 5150 τὴν
1957 5080 2057 5146 edidit,
2069 5079 2120 5132 σεδ
2131 5079 2246 5133 omnino

1460 5162 1641 5216 scribendum
1654 5169 1698 5217 est
1711 5179 1774 5217 eum
1787 5171 1885 5219 nostro
1898 5165 1955 5230 τόν)
1967 5171 2017 5216 εκεῖ
2030 5162 2129 5234 (Εμάς
2137 5161 2247 5228 risone

1458 5253 1507 5299 ἐκεῖ
1517 5249 1628 5314 πάντας)
1641 5249 1853 5317 ἐπιδημησάντων
1863 5253 1961 5320 σαρκῶν
1971 5248 2053 5314 (haec
2060 5248 2162 5302 vitiose
2169 5248 2248 5302 edita

1459 5349 1477 5386 α
1488 5331 1538 5385 Dr.
1549 5339 1672 5402 possunt
1683 5349 1717 5388 ex
1728 5339 1828 5388 nostro
1841 5339 1921 5387 textu
1938 5331 2058 5402 corrigi;
2075 5332 2127 5403 Ep.
2140 5334 2245 5387 omisso

1458 5417 1559 5485 ἰπνδημ.
1576 5418 1671 5488 pergit
1690 5435 1753 5474 eum
1771 5425 1869 5473 nostro
1885 5421 1936 5470 τῶν
1952 5437 1976 5472 σ.
1995 5416 2066 5481 αἶα,
2087 5423 2147 5471 tum
2166 5417 2249 5471 addit

1461 5506 1602 5572 θηριωδῶς)
1615 5503 1662 5556 άπ.
1675 5521 1699 5556 σ.
