5284 6620
698 919 785 986 Μετὰ
804 917 833 984 δὲ
852 919 994 985 Κλαύδιον
1012 919 1174 1002 ἐβασίλευσε
1187 919 1291 1002 Νέρων
1307 914 1414 1003 (1706.
1430 915 1505 982 add.
1520 915 1550 1004 ύ)
1569 917 1629 992 υίὸς
1647 919 1733 984 αῦτοῦ
1747 918 1794 1002 ἔτη
1807 924 1854 983 ιδ’·
1875 911 1982 1002 (1706.
1999 915 2111 981 addita
2125 915 2237 982 habet:

592 1049 624 1122 ὃς
645 1047 836 1129 πονηρότατος
856 1043 904 1111 καί
920 1047 1022 1128 λάγνος
1042 1043 1083 1111 νῦν
1101 1045 1150 1128 τήν
1168 1047 1273 1130 μητέρα
1290 1042 1339 1110 καὶ
1357 1045 1407 1128 τῆν
1423 1045 1544 1130 μνηστήν
1559 1045 1666 1111 ἀνελνίνν
1684 1046 1812 1132 εύνοῦχον
1831 1045 1938 1129 ἔγημεν·
1960 1039 2041 1117 οῦτος
2061 1044 2155 1110 ἀνεῖλε
2174 1045 2239 1118 τοῦς

592 1175 765 1246 ἀποστόλους
773 1176 883 1256 Πέτρον
898 1171 945 1239 καί
954 1179 1072 1239 Παῦλον
1087 1169 1162 1258 εἴα.)
1179 1173 1220 1256 ἐφ’
1235 1168 1373 1256 ούΣίμων
1386 1171 1403 1240 ὁ
1416 1173 1506 1258 μάγος
1516 1171 1611 1237 ελθάν
1625 1173 1654 1238 έν
1665 1171 1757 1256 Ῥώμη
1771 1170 1819 1237 καί
1833 1173 1925 1238 πολλοὶ
1939 1183 2038 1255 σημεῖα
2052 1171 2099 1237 διά
2113 1175 2240 1256 γοητείας

591 1301 639 1368 καί
656 1303 819 1386 φαντασίας
836 1299 914 1373 τινάς
934 1302 1065 1366 ἐπιτελῶν
1082 1295 1189 1384 (1706.
1206 1295 1336 1386 ἐκτελῶν)
1356 1298 1404 1365 καὶ
1423 1301 1524 1366 ἑαυτὸν
1542 1300 1614 1367 θεὸν
1634 1299 1787 1384 ὀνομάζων.
1806 1297 1917 1366 καὶτοῦ
1930 1301 2049 1384 μεγάλοιο
2064 1301 2176 1382 Πέτρου
2189 1299 2239 1383 τῆν

590 1431 704 1513 Ῥούμην
719 1427 782 1494 τότε
797 1429 1008 1513 καταλαβόντος
1022 1425 1069 1493 καί
1083 1427 1155 1513 πρὸς
1167 1427 1217 1494 τὸν
1230 1427 1320 1511 μάγον
1334 1427 1511 1500 ἀπελθόντος
1524 1423 1584 1510 εῦρε
1595 1428 1665 1494 κύνα
1678 1429 1845 1512 παμμεγεθη
1859 1429 2000 1510 δεδεμένον
2010 1426 2138 1494 άλέσεσιν
2152 1428 2180 1492 ἕν
2198 1431 2239 1507 τῷ

590 1563 705 1624 πυλῶνι·
729 1555 791 1623 ῦνύ
810 1559 907 1638 Σίμων
921 1555 1060 1638 δεσμήσας
1074 1555 1207 1620 ἐκώλυσεν
1223 1551 1330 1640 (1706.
1347 1552 1476 1639 ἐκώλυεν)
1492 1555 1604 1628 πάντας
1621 1554 1669 1628 οῦς
1687 1555 1736 1620 στ’νκ
1754 1553 1841 1639 ἤθελε
1858 1555 1929 1638 πρὸς
1948 1555 2034 1622 αύτὸν
2051 1554 2169 1621 εἰσιέναι.
2191 1553 2238 1620 καί

590 1691 673 1752 τοῦτο
690 1677 723 1768 ῆν
742 1688 854 1766 πρῶτον
872 1687 975 1765 θαῦμα
989 1687 1029 1762 τῷ
1045 1679 1152 1766 (1706.
1169 1681 1243 1746 add.
1265 1683 1367 1766 Πέτρῳ
1383 1679 1438 1768 τῷ)
1461 1683 1586 1765 μελλοντι
1607 1681 1678 1766 πρὸς
1695 1685 1815 1765 Σίμωνα
1835 1683 2019 1767 εἰσερχεσθαι.
2041 1682 2058 1749 ὁ
2079 1681 2109 1746 δὲ
2128 1683 2239 1766 Πέτρος

591 1813 658 1879 ι’δτύν
671 1813 720 1879 τὸν
735 1812 804 1877 κύνα
819 1807 891 1876 οῦτω
904 1811 991 1893 μέγαν
1004 1807 1052 1873 καὶ
1067 1809 1282 1894 ἀπηγρωνμνλον,
1297 1807 1345 1875 καί
1358 1809 1465 1891 μαθυλν
1479 1807 1523 1876 ὅτι
1535 1809 1655 1882 πολλοῦς
1669 1811 1779 1874 ἀνεῖλεν
1793 1810 2020 1894 ἐπιχειρήσαντας
2033 1811 2168 1874 εἰσελθεῖν
2182 1809 2237 1892 πρὸ

590 1947 640 2025 τῆς
662 1942 810 2022 ἐπιτροπῆς
828 1939 970 2020 Σίμωνος,
992 1937 1135 2020 κρατήσας
1154 1936 1248 2002 ἔλυσεν
1266 1937 1352 2003 αύτύν
1370 1939 1457 2022 λέγων
1475 1935 1597 2004 Είσελθε
1614 1936 1686 2020 πρὸς
1702 1940 1822 2020 Σήιωνα
1840 1936 1887 2002 καί
1905 1936 1964 2002 είπὲ
1979 1937 2055 2018 αύτῷ
2070 1937 2237 2020 ἀνθρωπίνῃ

590 2073 670 2152 φωνῆ
685 2063 826 2149 Πέτροςύ
845 2069 942 2137 δοῦλος
956 2070 1083 2146 Χριστοῦ
1101 2065 1237 2130 εἰσελθεῖν
1256 2091 1287 2130 σε
1306 2065 1392 2130 θέλει
1413 2063 1524 2130 καὶτοῦ
1543 2065 1624 2138 κυνὸς
1641 2065 1727 2139 εύθύς
1745 2067 1878 2148 δρομαίινυ
1901 2065 2079 2138 εἰσελθόντος
2097 2062 2145 2130 καλ
2164 2061 2237 2130 οῦτω

591 2196 766 2278 λαλήσαντος
784 2191 998 2274 κατεπλάγησαν
1020 2193 1048 2256 οἱ
1063 2191 1134 2274 μετά
1149 2194 1279 2275 Σίμωνος
1296 2193 1421 2276 λέγοντες
1437 2195 1490 2266 Τίς
1504 2193 1562 2258 ι’στι
1576 2194 1699 2276 Πέτρος,
1723 2191 1770 2258 καὶ
1784 2195 1827 2266 τίς
1839 2191 1856 2277 ῆ
1871 2193 1993 2275 τοσαύτη
2005 2193 2117 2275 δύναμις
2135 2193 2238 2294 αύτούς

591 2323 662 2406 πρὸς
676 2321 724 2394 οῦς
737 2317 821 2403 φησὶν
835 2317 851 2386 ὁ
866 2321 964 2402 Σίμων
982 2323 1074 2384 Τοῦτο
1087 2317 1161 2402 ῦμᾶς
1174 2318 1211 2404 μή
1225 2321 1362 2397 ξενιζέτω·
1381 2315 1450 2404 ὅπερ
1464 2319 1542 2402 κάγώ
1557 2319 1676 2404 ποιήσω·
1695 2317 1743 2384 καί
1756 2319 2018 2403 προσκαλεσάμενος
2036 2319 2086 2386 τὸν
2103 2319 2172 2385 κύνα
2190 2319 2237 2384 καί

590 2447 726 2522 ὡσαύτως
747 2447 912 2530 προστάξας
933 2447 1019 2510 εἰπεῖν
1041 2446 1208 2528 ἀνθρωπίνη
1228 2452 1308 2530 φωνή
1329 2451 1370 2528 τῷ
1392 2449 1495 2531 Πέτρῳ
1516 2448 1660 2512 εἰσελθεῖν.
1690 2443 1738 2511 καί
1759 2451 1842 2513 τοῦτο
1866 2447 1986 2530 ποιήσας
2010 2447 2095 2511 πάλιν
2117 2446 2133 2513 ὁ
2157 2447 2237 2522 κύων,

590 2581 704 2662 εἰσῆλθε
719 2576 831 2657 Πέτρος
845 2573 916 2656 πρὸς
930 2576 1062 2656 Σίμωνα·
1081 2571 1128 2638 καί
1143 2573 1292 2658 συμβαλολν
1305 2574 1362 2656 μετ’
1380 2573 1466 2639 αῦτοῦ
1479 2577 1578 2656 Σιμων
1591 2575 1631 2648 είς
1644 2577 1888 2658 θαυματουργίας,
1909 2575 2013 2658 ἐνίκησε
2027 2575 2138 2660 Πέτρος
2151 2576 2239 2649 ι’άσεις

592 2709 688 2778 ποιων,
702 2699 750 2767 καί
765 2699 862 2768 πολλοὶ
877 2701 1073 2775 πιστεύσαντες
1088 2701 1312 2786 έβαπτισθησαν.
1334 2698 1382 2766 καί
1396 2695 1428 2784 ῆν
1443 2701 1472 2766 έν
1486 2700 1622 2784 τήῬοίμη
1636 2699 1746 2786 ταραχή
1759 2702 1847 2785 πολλῆ
1863 2698 1970 2786 (1706.
1984 2699 2102 2786 μεγάλη)
2117 2702 2165 2768 καί
2179 2703 2238 2786 σύγ-

588 2857 667 2917 χυσις
682 2831 769 2894 ἕνεκεν
784 2830 896 2912 Πέτρου
910 2826 958 2893 καί
972 2830 1110 2913 Σίγιωνος,
1125 2826 1168 2896 ὅτι
1181 2830 1329 2894 κατέναντι
1343 2829 1468 2912 ἀλλήλοιν
1483 2830 1594 2894 ε’ποίουν
1609 2823 1715 2927 (1706.
1728 2827 1803 2892 add.
1814 2825 1866 2913 τά)
1881 2829 2030 2913 θαύματα.
2046 2827 2118 2913 άπερ
2132 2830 2238 2914 μαθών

588 2959 749 3042 Ἀγρίππας
763 2955 779 3022 ὁ
795 2955 917 3040 ἔπαρχος
931 2955 1052 3040 ἀνήγαγε
1065 2961 1106 3036 τῷ
1120 2961 1231 3041 βασιλεῖ
1240 2959 1354 3040 Νέρωνι
1367 2959 1453 3040 λέγων
1467 2957 1528 3022 Δύο
1542 2958 1614 3029 τινές
1627 2957 1694 3021 εἰσιν
1713 2953 1811 3039 ἀνδρες
1830 2956 1858 3020 έν
1876 2961 1911 3038 τῆ
1930 2957 2007 3022 πόλει
2025 2957 2166 3040 θαύματα
2180 2985 2238 3022 ποι-

590 3092 684 3158 οῦντες
702 3084 837 3150 ἀπέναντι
856 3083 995 3166 ἀλλήλων
1017 3081 1033 3148 ὁ
1052 3080 1101 3165 μέν
1119 3085 1188 3168 λέγει
1207 3083 1307 3150 ἑαυτὸν
1325 3085 1395 3149 εἶναι
1414 3085 1463 3150 τὸν
1477 3085 1615 3167 Χριστόν
1638 3081 1654 3149 ὁ
1673 3081 1702 3147 δῦ
1721 3081 1806 3148 ἀλλον
1825 3083 1894 3148 εἶναι
1907 3082 1957 3148 τὸν
1970 3081 2018 3148 καί
2034 3079 2140 3168 (1706.
2158 3083 2236 3171 om.)

590 3212 797 3296 ἐσταυρωμένον
818 3211 935 3293 Ἰησοῦν,
957 3204 990 3275 ού
1012 3206 1119 3294 (1706.
1137 3206 1213 3296 om.)
1237 3208 1285 3276 καί
1305 3211 1438 3296 μαθητήν
1460 3211 1560 3278 ἑαυτὸν
1579 3211 1649 3276 είναι
1667 3212 1866 3295 διισχυρίζεται.
1888 3209 1936 3283 οῦς
1954 3211 2084 3285 κελεύσας
2101 3211 2117 3278 ὁ
2135 3213 2238 3294 Νέρων

591 3341 717 3424 ἀχθῆναι
735 3338 907 3403 κατενώπων
926 3337 1012 3402 αῦτοῦ
1030 3339 1099 3421 λέγει
1113 3336 1184 3418 πρὸς
1197 3339 1317 3421 Σίμωνα
1330 3339 1375 3405 Σύ
1389 3337 1458 3405 ελὸν
1471 3339 1579 3424 λέγουσι
1593 3339 1718 3422 Χριστόν
1722 3366 1733 3414 ,·
1753 3335 1813 3402 ύδὲ
1826 3340 1910 3422 φησίν
1922 3338 1992 3422 Ἐγιύ
2006 3339 2066 3420 είμτ
2088 3337 2191 3421 ὁμοίαις
2208 3338 2238 3405 δὲ

590 3465 638 3532 καί
655 3466 705 3533 τὸν
720 3466 832 3548 Πέτρον
851 3463 1029 3548 ἐπερωτήσας
1042 3466 1068 3529 εί
1080 3465 1199 3548 ἀληθοῦς
1213 3459 1294 3539 οῦτός
1308 3466 1381 3532 ἐστιν
1395 3465 1411 3534 ὁ
1426 3467 1564 3548 Χριστός,
1587 3466 1647 3532 Οῦκ
1661 3465 1734 3530 ἔστιν
1748 3460 1841 3540 οῦτος,
1861 3465 1913 3548 ἔφη
1929 3467 2051 3549 Πέτρος,
2070 3466 2236 3552 μῆχένοιτο·

591 3591 643 3676 ἐγώ
663 3589 718 3676 γάρ
737 3592 838 3656 ἐκείνου
855 3591 988 3675 μαθητής
1006 3593 1059 3675 είμι
1077 3597 1126 3658 τοῦ
1149 3593 1367 3676 σταυρωθελτος
1387 3590 1436 3658 καλ
1457 3593 1635 3666 ἀναστάντος
1655 3590 1703 3657 καί
1725 3593 1764 3666 είς
1785 3593 1904 3676 οὐρανὸν
1925 3593 2147 3676 ἀναληφθιντος.
2169 3594 2186 3662 ύ
2209 3593 2238 3660 δι’

590 3721 694 3802 Νέρων
716 3717 756 3791 ὠς
774 3717 973 3820 τερατυλύγρυς
993 3720 1166 3802 ἀμφοτέρους
1184 3719 1271 3793 εῦθῦς
1285 3720 1391 3803 ἀτίμως
1405 3720 1435 3784 έκ
1449 3719 1602 3804 προσώπου
1616 3719 1702 3786 αύτοῦ
1716 3725 1828 3784 θᾶττον
1843 3719 1982 3802 ἐξήλασεν.
2009 3721 2035 3785 σί
2053 3719 2083 3786 δὲ
2097 3723 2238 3806 διάγοντες

590 3845 722 3929 ίνῬαύμη
738 3846 848 3912 ε’ποίυνν
866 3845 905 3909 ἔτι
923 3845 1064 3929 θαύματα
1082 3847 1229 3912 κατέναντι
1247 3845 1380 3931 ἀλλήλοιν.
1406 3844 1456 3911 καί
1476 3846 1493 3913 ὁ
1513 3845 1562 3929 μῦν
1582 3849 1680 3929 Σίμων
1701 3847 1866 3930 προστάξας
1887 3844 1934 3911 καὶ
1958 3847 2098 3930 ἀχθέντος
2118 3849 2239 3932 μεγάλου

589 3973 693 4056 ταύρου
711 3974 786 4038 εἶπεν
804 3973 886 4057 λύγον
904 3974 943 4046 είς
961 3973 993 4038 τὸ
1012 3972 1095 4039 ὠτίον
1115 3973 1214 4048 αὐτοῦ,
1238 3969 1345 4057 (1706.
1360 3977 1410 4058 μιᾷ
1430 3969 1479 4040 οῦν
1492 3979 1549 4039 τῶν
1562 3973 1670 4058 ῆμερων
1682 3974 1891 4058 προστάξαντος
1904 3979 1955 4040 τοῦ
1969 3976 2099 4057 Σιμωνος
2113 3975 2238 4060 ἀχθῆναι

591 4100 668 4180 αύτιῆ
682 4106 785 4183 ταῦρον
799 4100 975 4183 παμμεγεθη,
991 4099 1121 4182 ἐλάλησεν
1135 4101 1174 4172 εἰς
1187 4099 1221 4165 τὸ
1236 4095 1284 4174 οῦς
1298 4099 1397 4187 αὐτοῦ)
1414 4099 1462 4166 καί
1475 4107 1649 4185 παραχρῆμα
1665 4097 1771 4185 (1706.
1783 4098 1943 4185 παρευθῦς)
1955 4103 2089 4184 τέθνηκεν
2100 4102 2116 4169 ὁ
2127 4108 2237 4188 ταῦρος.

590 4226 606 4294 ὁ
621 4224 651 4291 δὲ
666 4228 777 4310 Πέτρος
790 4226 938 4308 εύξάμενος
951 4223 999 4290 καλ
1014 4226 1177 4310 ἀναστήσας
1191 4227 1285 4301 αῦτύν,
1300 4228 1404 4302 πάντες
1417 4233 1524 4310 μᾶλλον
1539 4229 1702 4311 ἐθαύμαζον
1715 4229 1840 4312 λέγοντες
1854 4227 1897 4294 Τὸ
1913 4233 2083 4313 ζωογονῆσαι
2100 4227 2170 4314 ῦπέρ
2188 4235 2238 4296 τοῦ

589 4358 763 4418 θανατῶσαι
786 4353 877 4436 μεῖζόν
899 4353 957 4418 ίστι
981 4348 1088 4436 (1706.
1112 4352 1185 4418 add.
1208 4352 1255 4438 τὸ)
1281 4359 1390 4438 θαῦμα.
1423 4353 1471 4420 καὶ
1492 4357 1583 4438 μίντα
1603 4353 1651 4420 καί
1674 4355 1748 4421 ἀλλα
1770 4365 1869 4437 σημεῖα
1893 4355 1992 4420 πολλά
2013 4355 2159 4438 ἐποίησαν,
2187 4355 2235 4422 καὶ

589 4481 686 4565 λύγους
705 4477 884 4564 δογματικοῦς
902 4479 1040 4562 ιλάλησαν
1065 4480 1199 4546 ἀπέναντι
1218 4481 1357 4565 ἀλλήλων,
1378 4481 1411 4548 ού
1429 4481 1513 4566 μόνον
1535 4481 1667 4564 ε’νῬυίμη
1683 4483 1756 4547 ἀλλά
1771 4479 1818 4546 καὶ
1834 4482 1862 4546 έν
1876 4485 1969 4566 Συρίην
1984 4481 2132 4568 πρότερον,
2152 4481 2235 4549 ἀτινα

590 4608 727 4691 Κλήμης
745 4607 761 4673 ὁ
781 4605 944 4690 Ῥωμαῖος
962 4604 1010 4672 καί
1028 4608 1175 4692 πάνσοφύς
1188 4633 1219 4674 τε
1233 4607 1281 4673 καί
1294 4609 1427 4692 μαθητής
1441 4611 1554 4690 Πέτρου
1569 4606 1676 4694 (1706.
1692 4607 1740 4674 καὶ
1753 4610 1837 4674 πάνσ.
1852 4619 1925 4692 μαθ.
1943 4607 2068 4696 Πέτρου)
2084 4609 2131 4676 καί
2147 4613 2236 4677 συνέκ-

590 4743 674 4818 δημος
693 4733 991 4817 ε’πεξεργαστυιούτερον
1007 4727 1114 4818 (1706.
1130 4730 1315 4820 έπεργαστικ.)
1330 4735 1526 4820 διηγησάμενος
1541 4731 1648 4820 (1706.
1665 4733 1849 4822 διηγούμενος)
1867 4735 1955 4810 ούτως
1969 4737 2029 4820 ἔφη.

699 4866 758 4927 Τοῦ
773 4861 827 4946 γάρ
841 4864 953 4946 Πέτρου
960 4858 985 4948 ¹)
1001 4859 1071 4927 ποτὲ
1084 4861 1263 4936 διδάσκοντος
1277 4860 1322 4927 ἐπί
1336 4867 1406 4929 λαοίΙ
1420 4861 1546 4947 περὶτοῦ
1558 4863 1644 4947 μύνον
1657 4869 1741 4938 θεοῦ,
1756 4863 1772 4929 ὁ
1787 4866 1885 4946 Σίμων
1901 4863 2008 4949 (1706.
2026 4869 2086 4930 Τοῦ
2098 4867 2237 4948 μακαρίου

594 4991 647 5053 Πέ.
662 4993 711 5054 τοῦ
731 4989 890 5054 ἀποστόλου
909 4989 1088 5080 διδάσκοντος
1106 4988 1155 5054 τὸν
1173 4988 1244 5055 λαὸν
1263 4991 1400 5074 σέβεσθαι
1417 4987 1464 5055 καλ
1483 5001 1644 5072 προσκυνεῖν
1662 4990 1711 5056 τὸν
1725 4990 1770 5056 ἐπὶ
1784 4991 1899 5056 πάντων
1912 4992 1996 5075 μύνον
2011 4992 2146 5074 ἀληθινὸν
2160 4993 2238 5067 θεόν,

591 5115 607 5181 ι’)
622 5112 703 5201 Σίμ.)
720 5115 773 5193 ἔξω
788 5121 837 5182 τοῦ
852 5115 934 5200 ύχλου
947 5121 999 5201 βοῆ
1012 5116 1117 5200 μεγάλη
1130 5117 1302 5200 χρησάμενος
1315 5117 1386 5198 πρὸς
1399 5117 1448 5182 τὸν
1457 5119 1567 5200 Πέτρον
1582 5117 1657 5183 εἶπεν
1672 5113 1779 5201 (1706.
1793 5119 1847 5195 ἔξω
1862 5145 1886 5182 τ.
1901 5117 1958 5203 ύχλ.
1973 5119 2061 5192 ίστάς
2076 5119 2171 5203 ε’βύησε
2183 5117 2237 5204 Τι’)

595 5245 636 5307 Τί
646 5243 816 5324 ψευδόμενος
830 5243 947 5308 άπατάν
962 5244 1056 5316 θελας
1068 5242 1118 5309 τὸν
1131 5244 1302 5328 παρεστῶτά
1316 5271 1360 5310 σοι
1380 5243 1489 5327 ι’δωίτην
1503 5243 1597 5328 ύχλον,
1616 5247 1727 5311 πείθων
1746 5245 1831 5311 αίπόν
1849 5246 1937 5318 θεοὺς
1953 5247 2019 5330 μήτε
2038 5247 2156 5328 νομίζειν
2173 5247 2240 5330 μήτε

591 5369 668 5444 εἶναι,
685 5371 784 5453 καίντερ
798 5375 855 5434 τῶν
869 5371 936 5452 παρ’
951 5369 1089 5456 Ἑβραίοις
1101 5373 1203 5456 βίβλων
1217 5376 1354 5455 λεγουσῶν
1368 5371 1487 5445 πολλοῦς
1500 5371 1588 5446 θεούς
1601 5373 1686 5448 ελναις
1700 5372 1772 5456 πλήν
1785 5367 1834 5438 οῦν
1847 5371 1909 5456 περὶ
1925 5367 1957 5438 ού
1971 5375 2038 5456 ἔφης
2051 5377 2131 5448 θεοῦ,
2146 5375 2240 5452 δυξας

695 5513 712 5572 ¹)
727 5508 769 5564 Cf.
782 5511 819 5564 ad
831 5509 904 5564 haec
916 5509 1020 5567 Homil.
1033 5511 1084 5580 ΙΙΙ,
1096 5512 1138 5566 38.
