5284 6620
1982 687 2022 752 79

379 891 427 960 καὶ
442 893 530 960 ἔσται·
547 893 573 959 α’
584 889 615 958 δὲ
628 894 744 978 γέγονεν,
758 889 807 958 καὶ
820 891 891 975 μετά
907 887 1037 976 (orient.
1045 889 1137 958 addit
1148 886 1211 976 τήν)
1226 892 1301 958 λόσιν
1315 892 1345 958 τί
1357 889 1415 975 άρα
1430 893 1508 958 ἔσται
1521 891 1615 966 πάλιν,
1629 891 1655 956 εί
1665 891 1703 976 μή
1717 889 1793 976 τάχα
1806 891 1866 976 σιγή
1876 891 1924 958 καὶ
1934 893 2021 976 λήθη·

379 1019 396 1104 ἠ
410 1019 459 1086 καὶ
466 1017 491 1106 ¹)
506 1020 583 1105 τάχα
597 1019 676 1086 ἔσται
689 1043 716 1085 τι
729 1019 745 1086 ὃ
759 1023 807 1084 νῦν
823 1013 908 1104 (ital.
923 1021 954 1085 τί
965 1014 1026 1104 οἷον)
1042 1023 1141 1102 νσήσαι
1154 1017 1187 1084 οὐ
1201 1017 1326 1086 δυνατόν.
1369 1016 1412 1082 Π.
1445 1017 1548 1085 Ταῦτά
1568 1043 1599 1084 τε
1619 1016 1726 1084 καὶτὰ
1746 1017 1854 1094 τοότοις
1871 1017 1954 1102 ὅμοια
1974 1021 2022 1086 οὐκ

381 1149 444 1212 οῖδα
458 1147 551 1214 πόθεν
565 1147 719 1220 ἀπαύστως
733 1141 966 1231 ίνθυμοόμενοςῖ)
982 1145 1119 1230 ὀδυνηρὰν
1132 1146 1205 1230 εἶχον
1218 1145 1305 1229 terp
1324 1149 1457 1212 τοσοῦτον
1463 1142 1489 1231 ³)
1509 1145 1549 1220 ὡς
1566 1145 1726 1230 άχριακότα
1746 1141 1831 1231 (Iul.
1846 1146 1969 1232 άχριοιι)
1989 1176 2022 1232 με

380 1276 527 1359 τήκεσθαι·
543 1271 591 1339 καὶ
604 1273 638 1340 τὸ
651 1273 821 1348 δεινότατον,
841 1270 871 1338 εἴ
878 1299 947 1338 ποτε
961 1273 1142 1340 άπάσασθαι
1155 1270 1204 1356 τήν
1218 1275 1353 1356 φροντιδα
1367 1271 1407 1347 oie
1426 1272 1554 1358 άνωφελή
1573 1270 1818 1358 ε’βουλευσάμηνλ),
1841 1273 2022 1359 άκμαιότερόν

379 1429 426 1485 μοι
435 1407 542 1486 μάλλον
553 1400 586 1467 τὸ
599 1401 699 1474 πάθος
712 1401 820 1485 ἐγίνετο.
842 1397 890 1466 καλ
900 1399 1027 1484 ἠχθόμην
1042 1397 1087 1465 ἐπὶ
1100 1399 1198 1480 τσότῳ,
1212 1399 1262 1466 oin
1275 1398 1356 1473 είδάς
1369 1397 1493 1467 σόνοικον
1506 1399 1593 1484 καλήν
1608 1401 1677 1484 ἔχων
1692 1401 1797 1466 ἔννοιαν
1802 1397 1840 1486 ⁶),
1856 1401 2023 1476 ἀθανασίας

381 1530 496 1613 ἀγαθῆς
501 1525 527 1614 1)
545 1529 638 1593 αἰτίαν
651 1553 697 1610 μοι
710 1523 891 1612 γινομίνηνλ),
905 1526 945 1600 ὡς
959 1524 1072 1611 ὕστερον
1085 1531 1119 1610 τή
1133 1529 1217 1612 πείρᾳ
1231 1527 1351 1612 ε’πίγνων
1359 1525 1413 1592 καὶ
1425 1531 1488 1608 θεῷ
1502 1531 1542 1608 τῷ
1556 1525 1672 1592 πάντων
1683 1528 1803 1610 δεσπότη
1815 1528 2021 1613 ηὑχαρίστησαι

379 1655 436 1722 ὑπὸ
458 1653 512 1738 γάρ
533 1660 583 1738 τῆς
602 1655 663 1720 κατ’
685 1654 776 1740 άρχάς
793 1654 944 1739 θλιβούσης
961 1681 996 1737 με
1014 1654 1121 1728 ἐννοίας
1138 1655 1178 1728 είς
1195 1653 1245 1738 τήν
1262 1659 1320 1720 τάν
1338 1653 1510 1738 πραγμάτων
1528 1654 1636 1737 ζήτησιν
1653 1652 1702 1720 καὶ
1719 1651 1822 1739 εόρεσιν
1839 1655 2023 1740 ἠναγκάσθην

381 1783 488 1857 Beris,
510 1780 558 1847 καὶ
578 1783 642 1847 τότε
662 1779 823 1858 ίταλάνιζσν
844 1781 892 1854 οὓς
913 1780 963 1865 τήν
984 1780 1071 1866 ἀρχὴν
1093 1781 1125 1847 δι’
1149 1779 1263 1866 άγνοιαν
1284 1783 1444 1866 μακαρίζειν
1465 1777 1670 1866 ἐκινδόνευονά)
1713 1781 1774 1846 ΠΙ.
1802 1784 1849 1848 Ἐκ
1861 1784 1962 1858 παιδὸς
1975 1780 2023 1850 οὖν

380 1910 487 1994 ἠλαιίας
501 1907 541 1974 sis
555 1910 584 1974 ἐν
598 1905 689 1993 coiri)
704 1908 837 1982 τοιοότοις
849 1913 1000 1992 λογισμοῖς,
1014 1909 1095 1993 χάριν
1109 1913 1159 1975 τοῦ
1172 1917 1276 1993 μαθεῖν
1289 1935 1316 1974 τι
1328 1910 1439 1994 βεβαιου
1454 1909 1492 1983 είς
1505 1908 1559 1982 τὰς
1577 1913 1634 1974 τῶν
1651 1909 1811 1994 φιλοσόφων
1831 1911 1949 1994 ἐφοίτων
1967 1919 2022 1976 δια-

381 2037 488 2121 τριβάς·
514 2035 562 2102 κατ’
584 2033 671 2102 setis
693 2036 785 2119 ἕτερον
806 2036 900 2120 ίιόρων
921 2034 938 2120 ἠ
960 2035 1105 2120 δογμάτων
1127 2037 1285 2110 ἀνασκευάς
1305 2033 1353 2101 καὶ
1374 2035 1550 2109 κατασκευάς
1570 2033 1619 2102 καλ
1640 2037 1708 2120 ἕρεις
1725 2034 1774 2102 καί
1791 2041 1957 2120 φάονεικίας
1974 2036 2022 2104 καί

381 2169 566 2247 συλλογισμῶν
585 2164 684 2248 τέχνας
706 2160 754 2228 καὶ
771 2162 921 2246 λημμάτων
940 2162 1114 2242 introiere).
1150 2160 1197 2228 καί
1218 2161 1286 2230 ποτὲ
1307 2159 1403 2248 μόνίλ)
1427 2163 1581 2248 ἐπεκράτει,
1603 2165 1669 2248 φίρε
1688 2165 1786 2247 λόγοιν,
1809 2163 1852 2232 ότι
1873 2165 2024 2240 ἀθάνατος

382 2288 511 2376 (orient.
521 2288 612 2355 addit
618 2286 664 2376 ἠν)
675 2289 693 2374 ἠ
705 2289 791 2372 ψυχή,
803 2288 872 2355 ποτὲ
884 2287 915 2354 δὲ
927 2287 971 2356 ότι
982 2290 1080 2373 θνηνή.
1109 2289 1158 2355 κατ’
1168 2289 1253 2356 ὁπότε
1267 2295 1331 2375 γοῦν
1346 2286 1431 2375 (Ital.
1440 2285 1501 2375 οἷν)
1511 2286 1550 2377 1²)
1567 2291 1709 2375 ε’παιράτει
1722 2291 1803 2376 λόγος
1815 2289 1859 2358 ότι
1873 2293 2025 2366 άθανατος

379 2419 395 2502 ἠ
415 2414 550 2502 ψυχήλλ),
565 2417 687 2501 ἔχαιρον·
709 2415 794 2484 irrisa
808 2413 838 2480 δὲ
856 2413 900 2483 ότι
917 2413 1022 2501 θνητή,
1041 2417 1204 2500 ελαποόμην·
1226 2422 1320 2482 πλεῖον
1338 2415 1367 2482 δὲ
1385 2417 1510 2502 ἠθύμουν
1518 2414 1557 2504 ¹⁴)
1577 2415 1620 2486 ότι
1639 2418 1694 2486 ott
1710 2417 1851 2502 ὁποτερων
1867 2414 1927 2503 (ita
1940 2418 2022 2500 Ital,

305 2561 306 2566 ’
382 2547 496 2610 orient.
511 2540 614 2628 τερον)
630 2570 671 2617 τις
684 2543 733 2610 τόν
749 2543 813 2627 ε’μὸν
826 2548 979 2629 βεβαιῶσαι
993 2548 1057 2610 νοόν
1070 2543 1189 2628 ἠδόνατο
1196 2541 1245 2630 ¹⁵).
1282 2543 1352 2628 πλήν
1367 2545 1395 2609 ἓν
1409 2545 1503 2612 ἐνόουν
1510 2542 1564 2629 ¹⁶),
1582 2542 1625 2614 ότι
1640 2547 1670 2611 ai
1688 2545 1768 2624 δόξαι
1785 2550 1842 2611 τάν
1859 2545 2025 2612 ὑποθέσεων

380 2671 461 2754 παρά
481 2670 545 2744 τοὺς
564 2671 738 2744 ε’κδικοῦντας
754 2677 867 2754 ψευδεῖς
884 2669 902 2755 ἠ
921 2671 1038 2754 ἀληθεῖς
1054 2669 1313 2756 ὑπολαμβάνοντα,
1336 2669 1384 2736 καὶ
1403 2671 1452 2756 οόχ
1471 2671 1511 2745 ὡς
1530 2673 1635 2756 ἔχουσιν
1658 2673 1797 2756 ἀληθείας
1818 2675 1967 2756 φαίνονται
1974 2671 2022 2758 ¹⁷).

381 2797 532 2882 ἐπιστήσας
554 2791 602 2862 οὖν
619 2795 670 2882 ἠδη
688 2795 757 2863 ποτὲ
773 2793 817 2864 ὅτι
837 2798 870 2864 oi
888 2799 969 2882 παρά
987 2797 1041 2872 τάς
1060 2799 1249 2882 ε’κδικουμίνας
1266 2797 1416 2872 όποθεσεις
1432 2797 1450 2882 ἠ
1468 2799 1628 2882 κατάληψις
1641 2801 1755 2884 γίνεται,
1776 2800 1849 2866 etot
1864 2800 1945 2884 παρά
1960 2801 2024 2874 τοὺς

381 2927 555 2998 ε’κδικοῦντας
570 2925 600 2990 αἱ
613 2925 693 3002 δόξω
707 2925 972 3008 άποφαίνονταιλῧ),
987 2926 1027 2991 ἔτι
1039 2930 1145 3009 μᾶλλον
1158 2926 1276 3010 ίλιχχιόιν
1291 2921 1376 3010 (Ital.
1391 2921 1488 3011 ἠλιγγ.)
1504 2925 1606 3000 ε’ντοῖι·
1619 2927 1785 3012 πράγμασιν.
1812 2929 1855 2994 δίο
1869 2929 1898 2992 ἐκ
1912 2934 1962 2994 τοῦ
1975 2933 2025 3011 τῆς

432 3198 451 3259 1)
463 3189 479 3261 ἢ
491 3198 546 3246 sat:
560 3193 603 3246 sic
613 3192 770 3248 rectissime
780 3199 900 3267 uterque
908 3197 1014 3250 noster.
1038 3191 1101 3248 est
1112 3210 1166 3248 orn.

380 3279 413 3346 ἠς
425 3278 488 3334 eod.
502 3277 599 3334 ottob.
611 3281 655 3330 καὶ
664 3276 690 3346 ἠ.

432 3365 454 3435 1)
466 3362 511 3418 Ita
523 3378 622 3417 omnes
633 3361 823 3418 Homiliarum
840 3363 968 3434 codices,
985 3369 1085 3420 contra
1100 3361 1166 3433 Epi-

382 3455 466 3516 tome‚
479 3463 531 3519 per
543 3453 639 3502 cetera
651 3447 722 3502 satis
735 3464 905 3517 consonans,
918 3449 1146 3518 διενθυμοθμενος.

433 3532 454 3604 1)
466 3532 511 3586 Ita
527 3549 625 3587 rursus
638 3549 736 3586 ornnes
746 3533 852 3588 Homil.
865 3533 963 3602 codd,
981 3538 1082 3588 contra
1092 3533 1167 3604 Epit

381 3618 521 3672 ἄπαυστον
532 3617 603 3684 εἶχον
615 3616 657 3670 siri
666 3618 714 3685 τήν
726 3617 816 3686 λύπην,
827 3622 871 3671 καλ
881 3621 1017 3672 τοσοῦτον.

431 3707 453 3767 ⁴)
466 3701 657 3758 Consentiunt
664 3701 770 3759 Homii
781 3703 912 3772 codices3
925 3709 1026 3758 contra
1034 3702 1110 3774 Epit.
1122 3702 1168 3770 τὴν

381 3793 441 3858 περί
450 3787 550 3841 τούτων
562 3791 689 3857 φροντίδα
702 3786 734 3846 οἷς
744 3793 863 3857 ματαίαν
872 3788 1036 3858 ίλοχισάμην.

433 3877 452 3938 ⁵)
469 3872 642 3942 ἀκμαιότερον
652 3903 685 3912 -
697 3877 807 3926 ierom:
823 3873 853 3927 in
871 3873 916 3928 hia
933 3889 1050 3944 prorsus
1068 3887 1170 3927 eonve-

382 3959 464 4012 niunt
475 3957 581 4012 Homil.
594 3963 624 4012 et
634 3957 710 4028 Epic

431 4041 584 4110 eripueris:
601 4043 643 4096 ita
658 4043 713 4098 mei
730 4058 794 4097 curn
807 4039 964 4110 Cotelerio;
983 4041 1080 4098 Ottob.
1099 4041 1169 4107 ἀγα-

382 4127 442 4195 θήν.
455 4127 532 4197 Epit.
545 4127 659 4182 omittit.

433 4215 454 4276 τ)
474 4216 618 4281 γινσμίνηνι
639 4211 680 4264 itu
701 4209 865 4282 orientalis3
885 4211 1006 4268 Italicus
1026 4229 1090 4266 eum
1108 4209 1170 4268 Cot.

380 4304 531 4367 receptivum
543 4297 641 4352 Dress.
652 4300 830 4366 γενησομένην.

431 4387 451 4449 1)
466 4380 537 4436 Cum
549 4381 603 4448 his,
617 4381 764 4453 inquibus
778 4381 961 4438 consentiunt
971 4381 1075 4437 Homil.
1090 4381 1167 4437 codi-

382 4485 438 4536 ces,
451 4465 582 4521 conferre
594 4465 674 4521 iuvat
685 4473 792 4522 textum
799 4467 945 4538 Epitomes
956 4468 1005 4538 qui
1014 4467 1056 4522 sic
1066 4466 1167 4522 habet:

381 4551 414 4611 sir
426 4551 534 4622 ὕστερον
545 4556 620 4616 lyron
632 4551 686 4605 άπό
702 4556 751 4606 τοῦ
765 4556 865 4616 τέλους,
882 4555 925 4605 καί
941 4555 996 4621 θεῷ
1013 4555 1049 4621 τῷ
1064 4553 1168 4606 πάντων

381 4635 564 4708 ηὐχαρίστησαν
572 4641 678 4710 ποιητῇ·
690 4636 741 4692 ὑπό
752 4637 803 4708 γάρ
811 4641 857 4706 τής
865 4636 919 4691 κατ’
930 4635 1014 4708 άρχάς
1021 4658 1054 4708 με
1063 4637 1167 4700 πιεζσό-

380 4743 428 4792 σης
443 4725 541 4780 ίννοίας
551 4721 723 4792 ἠναγκάσθην
738 4726 773 4782 είς
783 4723 830 4792 τήν
839 4727 890 4776 τάν
901 4723 1062 4794 πραγμάτων
1070 4722 1169 4777 ἐλθεῖν

380 4809 495 4878 ζήτησιν·
512 4811 556 4860 καλ
572 4807 617 4866 σάς
631 4807 678 4876 τήν
695 4807 777 4879 ἀρχὴν
793 4811 820 4861 δί
830 4808 938 4873 άγνοιαν
947 4809 1097 4878 μακαρίζειν
1107 4809 1166 4861 ίιιιν-

381 4895 497 4956 δόνευον,
509 4891 616 4962 ὕστερον
626 4893 769 4955 ταλανίζειν
781 4891 827 4946 σία
835 4894 999 4963 ἐπαυσάμην.

431 4983 453 5044 1)
464 4987 532 5037 τοῖιν
549 4977 591 5032 ite
603 4985 723 5050 uterquc
736 4994 830 5046 meus,
845 4975 907 5034 Cot
920 4983 950 5034 et
960 4979 1010 5032 Dr.
1024 4977 1165 5042 omittunt,

381 5064 449 5119 item
460 5063 601 5132 Epitome.

421 5153 451 5214 ¹⁰)
463 5153 508 5201 sci
518 5147 636 5202 ciets-
646 5152 772 5206 ίπινσίατι
784 5163 882 5202 rursus
891 5147 922 5201 in
933 5146 979 5202 his
991 5148 1076 5217 plena
1088 5147 1165 5202 codi-

381 5249 446 5286 cum
462 5231 568 5288 Homil.
588 5233 754 5300 consensio3
775 5232 851 5303 Epit.
869 5249 937 5287 vero
958 5232 1014 5287 sic:
1034 5231 1167 5286 ἀλλὰκαὶ

381 5315 462 5376 οὕτως
474 5317 547 5371 οὐδὲν
559 5319 644 5390 λλεερον
654 5323 709 5389 παῤ
721 5317 811 5378 αὐτοῖς
821 5316 852 5371 τό
865 5318 1077 5386 σπουδαζόμενον
1087 5317 1168 5388 ίιίρυν

379 5399 396 5469 ἠ
406 5405 481 5471 δοχμ.
493 5402 585 5458 arces.
597 5425 619 5456 ιι.
631 5422 739 5458 amcos.
751 5403 836 5474 ίριδάς
846 5425 875 5458 τε
888 5425 910 5457 κ.
921 5406 993 5458 συλλ.
1004 5406 1071 5470 τίχν.
1080 5407 1124 5456 καί
1136 5402 1167 5470 δι’)

380 5491 425 5538 καὶ
437 5490 516 5558 λημμ.
528 5493 591 5541 ίπιν.

1291 3197 1320 3260 11)
1338 3199 1401 3248 ποτὶ
1415 3199 1462 3264 μὲν
1476 3223 1510 3234 -
1525 3201 1589 3250 ποτε
1605 3197 1644 3248 δίε
1662 3193 1704 3250 ita
1724 3193 1883 3250 rectissime
1903 3201 2023 3268 uterque

1238 3296 1317 3333 meus
1331 3295 1395 3333 cum
1406 3278 1552 3350 Epitom03
1570 3278 1631 3336 Cot
1647 3277 1690 3334 ὅτι
1707 3286 1754 3350 μὲν
1771 3285 1800 3334 et
1817 3278 1859 3333 ὅτε
1873 3283 1911 3344 δε,
1928 3277 2023 3336 Ottob.

1238 3362 1280 3418 ότλ
1290 3369 1337 3433 μὲν
1349 3369 1378 3419 et
1389 3363 1432 3419 ότλ
1443 3367 1478 3418 δέ.

1290 3461 1320 3522 11)
1334 3457 1414 3512 Haec
1430 3462 1576 3528 praestare
1593 3458 1725 3513 videntur
1741 3458 1859 3514 lectioni
1875 3460 2023 3530 vulgatae:

1240 3547 1264 3595 εί
1271 3561 1335 3596 ποτε
1347 3533 1405 3606 σία,
1422 3543 1491 3598 item
1504 3543 1622 3599 lectioni
1630 3538 1778 3614 Epitomes
1790 3547 1833 3596 καλ
1844 3543 1885 3598 ότι
1894 3551 1941 3614 μίν
1952 3543 2024 3614 (per-

1239 3627 1283 3699 git
1293 3627 1369 3693 λόγος
1380 3632 1521 3698 ἐπικρατῶν
1531 3618 1580 3699 ἠν).

1291 3725 1321 3788 11)
1338 3721 1384 3776 Its
1398 3721 1489 3776 nostri
1506 3721 1589 3778 eodti
1608 3736 1672 3775 cum
1688 3721 1832 3791 Epitorne;
1849 3720 1912 3777 Cot
1930 3727 1958 3776 et
1974 3722 2024 3776 Dr.

1241 3805 1375 3860 omittunt
1386 3804 1402 3874 ι)
1413 3806 1495 3874 ψυχή.

1292 3902 1320 3965 11)
1333 3898 1367 3953 In
1380 3897 1584 3955 cod.Ootelerii
1598 3899 1702 3953 desunt
1710 3897 1944 3971 δτιονηεήαηοε
1953 3899 2024 3968 sieri-

1237 4003 1312 4053 μουν.
1335 3983 1433 4038 Nostri
1444 4000 1512 4038 vero
1525 4000 1589 4038 cnm
1602 3981 1739 4040 Ottobon.
1750 3985 1940 4053 consentiunt,
1955 4003 2023 4058 quo·

1238 4085 1301 4122 rurn
1314 4069 1351 4122 ad
1364 4068 1533 4138 scripturam
1543 4085 1633 4140 prope
1646 4069 1760 4124 accedit
1771 4067 1911 4140 Epitome.

1292 4165 1321 4228 11)
1333 4161 1427 4216 Etiam
1439 4161 1521 4230 haec,
1534 4161 1704 4234 quibusoam
1712 4162 1788 4232 Epit
1802 4161 1953 4228 consentit,
1967 4179 2023 4216 om·

1238 4247 1306 4301 nino
1318 4252 1466 4316 praestant
1477 4245 1596 4302 lectioni
1609 4245 1670 4302 Cot
1684 4251 1713 4302 et
1721 4247 1771 4302 Dr.
1785 4263 1859 4319 quae
1869 4247 1911 4301 sic
1922 4245 2023 4302 habet:

1239 4329 1280 4385 ότι
1288 4330 1342 4386 cit
1355 4329 1482 4402 ὁπότερον
1494 4335 1529 4391 είς
1539 4329 1585 4385 τόν
1596 4331 1657 4402 ἐμόν
1667 4337 1723 4401 βεβ.
1736 4336 1796 4386 νοῦν
1806 4332 1948 4401 ἠδυνάμην.

1292 4437 1321 4501 11)
1334 4436 1359 4488 ἓν
1375 4434 1475 4489 tricor:
1494 4434 1534 4488 ita
1550 4433 1681 4490 adhibita
1695 4433 1800 4489 Ruffini
1816 4435 1947 4490 versione
1964 4435 2025 4504 (scd

1239 4519 1289 4574 λου
1298 4527 1403 4574 tantum
1412 4519 1607 4588 ι’νιίείίίροδασι)
1618 4519 1718 4590 scripsi
1727 4537 1779 4590 pro
1793 4535 1826 4575 eo
1834 4519 1947 4590 quodin
1953 4520 2022 4573 meis

1240 4604 1323 4659 codd.
1340 4605 1504 4676 pariterque
1525 4621 1544 4659 a
1564 4601 1626 4660 Cot
1644 4603 1673 4657 in
1690 4603 1823 4675 Epitome
1844 4604 1951 4659 editum
1969 4610 2022 4673 est,

1238 4690 1361 4744 ίνενόουν.
1380 4689 1414 4744 ln
1427 4687 1531 4744 Homil.
1543 4686 1605 4744 cot.
1618 4694 1648 4743 et
1658 4688 1708 4742 Dr.
1717 4688 1868 4744 ediderunt
1878 4689 2022 4744 συνενόουν.

1292 4794 1321 4852 11)
1333 4790 1414 4846 Ηοεο
1423 4790 1602 4862 Epitomator
1611 4791 1651 4844 sic
1661 4790 1782 4844 mutare
1789 4797 1821 4844 ut
1829 4806 1880 4860 pro
1890 4788 2022 4859 ὑπολαμβ.

1239 4875 1378 4931 scriberet
1394 4873 1598 4940 ἀποφαίνονται,
1621 4891 1656 4930 ee
1667 4881 1801 4947 pergeret
1812 4879 1856 4926 xci
1871 4873 1921 4942 οὐχ
1936 4874 1968 4934 ὦς
1985 4881 2021 4942 ίχ.

1238 4960 1317 5015 ainai
1329 4959 1366 5030 ἐφ’
1379 4963 1476 5014 tennes
1492 4959 1622 5028 ἀληθείας
1637 4959 1894 5029 καταλαμβάνονται,
1911 4960 2022 5033 reliqua

1237 5062 1304 5101 vero
1318 5061 1391 5116 quae
1402 5044 1433 5098 in
1443 5045 1576 5102 Homiliis
1586 5049 1756 5116 sequuntur:
1773 5045 1913 5112 ἐπιστήσας
1930 5061 2020 5116 usque

1236 5129 1434 5200 ἀποφαίνονται
1445 5129 1596 5184 omitteret
1615 5128 1705 5194 Quem
1718 5129 1755 5184 ad
1765 5129 1859 5184 locum
1869 5127 1905 5183 cf.
1914 5127 2020 5183 Ruffini

1238 5231 1340 5272 versio.

1290 5321 1321 5381 ¹⁸)
1331 5315 1376 5370 Ita
1386 5315 1490 5380 nostri,
1507 5316 1538 5370 in
1550 5315 1727 5388 eundemque
1739 5315 1855 5370 modum
1866 5315 2020 5386 legendum

1239 5417 1303 5457 esse
1316 5397 1608 5469 censuitCotelerins3
1622 5400 1705 5454 codd.
1715 5416 1782 5455 vero
1790 5399 1880 5455 Paris.
1893 5399 2019 5457 etVatio.

1238 5486 1424 5558 άποφίρονται.
