5244 6618
613 738 653 800 14
1245 737 1423 800 CODICES
1446 737 1612 800 GRAECI.

609 940 806 1026 antiquitatis
822 939 965 1005 alienon
980 940 1113 1004 minoris
1129 941 1283 1004 momenti
1297 939 1437 1004 accedit:
1461 941 1604 1004 continet
1622 939 1707 1004 enim
1725 939 2025 1025 interpretationem
2039 939 2250 1027 epistularum

608 1066 703 1132 Pauli
724 1065 891 1152 bucusque
909 1067 1118 1152 incognitam.
1160 1065 1358 1152 Fragmenta
1375 1065 1468 1130 Rom.
1483 1066 1512 1150 6,
1530 1066 1662 1131 14-19.
1679 1065 1708 1150 8,
1723 1065 1837 1148 35—9,
1852 1067 1882 1131 3.
1898 1065 1919 1130 2
1933 1065 2008 1132 Oor.
2024 1067 2054 1151 2,
2071 1067 2183 1150 16—8,
2200 1067 2248 1131 19.

609 1195 776 1280 excipiunt
796 1194 941 1279 integrae
956 1191 1114 1280 epistulae
1130 1203 1279 1279 quattuor
1294 1192 1388 1258 haec:
1413 1193 1440 1256 1.
1460 1203 1492 1259 et
1510 1195 1539 1258 2.
1565 1193 1607 1257 01
1630 1191 1845 1276 Timotheum,
1868 1193 1911 1258 ad
1933 1193 2056 1276 Titum,
2081 1193 2124 1260 ad
2144 1193 2249 1258 Phile-

608 1342 746 1403 monem,
769 1319 907 1406 denique
926 1319 1028 1384 Hebr.
1049 1319 1185 1402 1,1—9,
1202 1319 1250 1386 15.
1294 1320 1420 1386 Harum
1440 1321 1580 1406 quinque
1600 1319 1810 1406 epistularum
1830 1330 1937 1386 textus
1957 1319 2101 1386 bonitate
2121 1331 2249 1387 antece-

609 1445 686 1512 dere
709 1447 837 1512 videtur
851 1448 1034 1532 fragmenta
1048 1445 1259 1533 epistularum
1273 1447 1315 1512 ad
1328 1447 1491 1513 Romanos
1507 1446 1595 1512 etad
1611 1444 1807 1512 Corinthios.
1850 1447 2062 1513 Inveniuntur
2077 1451 2248 1530 sectiones,

609 1597 691 1660 quae
706 1574 791 1640 hano
805 1573 1047 1639 similitudinem
1061 1596 1135 1638 cum
1149 1575 1364 1660 antiquissimi
1379 1575 1501 1640 0011010
1511 1575 1659 1638 Vaticani
1675 1572 1872 1639 sectionibus
1888 1551 2018 1658 habent,
2034 1575 2122 1662 quod
2136 1595 2248 1642 omnes

607 1699 701 1766 Pauli
723 1702 879 1788 epistulas
902 1700 1158 1788 complectuntur
1179 1711 1211 1766 01
1232 1702 1266 1766 10
1288 1724 1387 1766 00011
1409 1704 1501 1788 quasi
1524 1723 1642 1788 corpus
1664 1701 1825 1786 redigrmt.
1868 1701 1921 1766 Ita
1941 1701 1985 1768 ad
2006 1702 2026 1766 2
2047 1701 2122 1766 Cor.
2145 1704 2175 1782 4,
2199 1703 2246 1768 16.

607 1839 719 1894 notata
742 1840 792 1894 est
814 1831 916 1895 sectio
939 1829 996 1912 23;
1019 1827 1062 1893 ad
1084 1826 1185 1892 Hebr.
1201 1829 1230 1912 6,
1246 1829 1275 1892 9.
1300 1829 1468 1893 00011051.
1510 1827 1721 1894 Memorabile
1745 1831 1842 1894 etiam
1861 1839 1911 1894 est
1929 1829 2022 1894 initia
2036 1830 2247 1918 epistularum

608 1955 770 2022 secundae
790 1955 833 2022 ad
847 1955 1067 2039 Timotheum,
1087 1953 1129 2020 ad
1143 1955 1269 2038 Titum,
1288 1955 1331 2020 ad
1352 1954 1584 2039 Philemonem,
1608 1956 1651 2021 ad
1671 1955 1841 2022 Hebraeos
1865 1955 2077 2044 inscriptione
2099 1958 2248 2044 insigniri

608 2085 692 2149 suris
710 2082 830 2148 Gorani
843 2085 986 2171 propria.

712 2208 746 2296 2)
768 2209 863 2276 Folia
881 2209 1130 2276 membranacea
1152 2231 1211 2274 sex
1232 2210 1266 2273 in
1286 2209 1343 2293 4⁰,
1365 2209 1487 2274 codicis
1503 2207 1661 2274 Arabici
1682 2209 1874 2296 fragmenta,
1896 2211 2037 2296 insignia
2051 2213 2191 2276 maxime
2207 2235 2245 2276 eo

608 2339 695 2424 quod
714 2361 833 2402 annum
852 2359 916 2424 quo
936 2338 1058 2424 scripta
1079 2345 1154 2402 sunt
1172 2358 1250 2423 prae
1271 2359 1305 2402 se
1321 2335 1437 2400 101001.
1481 2335 1610 2424 Scripta
1625 2347 1700 2402 sunt
1714 2339 1800 2402 01110
1815 2359 1899 2402 anno
1914 2335 2062 2402 Arabum
2076 2339 2148 2402 272.
2166 2336 2200 2423 (i.
2217 2362 2244 2404 0.

607 2465 741 2530 885—6.
760 2487 792 2552 p.
810 2462 902 2551 Chr.)
924 2462 965 2528 ab
984 2461 1081 2530 Abba
1093 2461 1236 2528 Antonio
1250 2462 1461 2548 Bagdulensi,
1483 2465 1537 2550 qui
1556 2463 1745 2550 plerumque
1765 2463 1944 2530 vocabatur
1963 2465 2062 2530 Danu
2082 2463 2138 2529 bin
2157 2465 2245 2550 Sina,

606 2595 639 2658 in
661 2593 752 2658 laura
771 2592 804 2658 S.
825 2587 931 2657 Sabae
953 2592 986 2655 in
1007 2613 1102 2658 usum
1123 2591 1230 2656 Patris
1245 2590 1351 2655 Isaaci
1366 2587 1522 2657 Sinaitici.
1565 2590 1619 2656 Ex
1641 2591 1702 2656 hae
1725 2593 1840 2657 aetatis
1862 2593 2028 2656 notatione
2049 2614 2246 2680 magnopere

606 2717 845 2807 adjuvabuntur
872 2720 926 2805 qui
954 2717 1156 2783 definiendae
1183 2719 1281 2783 aetati
1308 2718 1457 2784 codicum
1484 2715 1701 2784 Arabioorum
1728 2729 1931 2784 vetustorum
1957 2742 2089 2806 operam
2115 2720 2245 2806 dant*).

608 2845 801 2912 Continetur
822 2855 930 2912 autem
951 2845 1067 2910 horum
1089 2843 1242 2910 foliorum
1263 2847 1280 2908 1
1302 2867 1405 2932 usque
1425 2845 1446 2910 5
1464 2845 1537 2909 finis
1557 2845 1715 2930 legendae
1736 2846 1776 2910 de
1794 2845 1925 2912 Christo
1941 2847 2055 2911 mortis
2071 2869 2109 2912 ao
2125 2847 2244 2913 diaboh

606 2976 739 3058 victore,
756 2973 798 3038 ad
813 2972 947 3038 alteram
962 2982 1088 3058 partem
1102 2971 1262 3056 evangelii
1269 2971 1439 3038 Nicodemi
1452 2969 1508 3058 (cf.
1520 2971 1669 3058 Evangg.
1682 2995 1791 3060 apocr.
1805 2973 1855 3038 ed.
1867 2973 2041 3038 Tischend.
2053 2998 2086 3060 p.
2095 2974 2243 3062 304-8.)

606 3101 706 3167 libere
726 3101 925 3188 compositae
934 3097 998 3186 **).
1041 3097 1135 3164 Folio
1151 3098 1181 3162 6.
1196 3099 1310 3186 incipit
1324 3098 1460 3166 historia
1473 3098 1539 3164 litis
1556 3097 1814 3166 Christianorum
1829 3099 2085 3168 Sebastiensium
2099 3111 2245 3189 tempore

606 3227 721 3294 Basilii
735 3227 849 3312 Magni
863 3237 955 3292 actae
971 3249 1044 3291 cum
1058 3227 1215 3314 episeopo
1229 3226 1327 3290 Petro
1342 3227 1537 3292 matrimonii
1553 3228 1661 3313 speeie
1675 3228 1785 3292 iuncti.

1357 3505 1496 3587 XVII.

912 3663 1102 3734 Collectio
1126 3666 1300 3732 codicum
1321 3665 1601 3732 Hebraieorum
1623 3676 1660 3732 et
1681 3665 1944 3733 Arabioorum.

710 3881 867 3968 Exceptis
896 3878 1025 3944 duobus
1053 3877 1216 3966 prioribus
1240 3877 1402 3944 Hebraico
1430 3879 1576 3965 scriptis,
1607 3881 1662 3964 qni
1688 3889 1763 3944 sunt
1783 3877 2006 3962 Rabbanitiei,
2034 3899 2146 3946 omnes
2169 3891 2244 3946 sunt

606 4009 778 4091 Karaitioi,
801 4005 942 4072 Arabica
965 4006 1023 4071 sed
1043 4005 1204 4072 Hebraeis
1225 4005 1341 4071 litteris
1364 4007 1486 4092 scripti.
1536 4004 1723 4070 Examinati
1746 4015 1821 4070 sunt
1841 4005 1876 4070 bi
1902 4005 2032 4072 codices
2054 4007 2202 4093 inprimis
2225 4031 2244 4073 0

604 4138 676 4200 viro
694 4137 728 4200 in
750 4134 813 4199 hoo
826 4133 1005 4199 litterarum
1024 4155 1143 4218 genere
1164 4133 1354 4215 clarissimo,
1376 4130 1527 4218 Adolpho
1543 4131 1693 4215 Jcllinek,
1713 4134 1768 4219 qui
1786 4131 1964 4198 identidem
1978 4133 2018 4199 10
2037 4133 2078 4197 iis
2093 4135 2245 4221 exposuit

605 4265 655 4326 in:
686 4257 1894 4326 Μο00100011111111(1000110110001111000000101110010100110110.
1937 4259 2169 4345 Herausgeber
2183 4261 2243 4326 Dr.

606 4389 642 4453 Z.
666 4386 819 4454 Frankel.
843 4387 933 4452 1853.
942 4383 1018 4472 ***)
1068 4385 1184 4451 Judice
1206 4385 1347 4451 Jellinek
1370 4384 1404 4449 hi
1426 4385 1555 4451 codices
1579 4405 1707 4469 ornnes,
1730 4407 1867 4474 quorum
1887 4388 2043 4473 perpauci
2066 4385 2187 4454 similes
2210 4390 2244 4452 in

541 4600 544 4606 ¹
605 4515 758 4602 Europae
779 4511 984 4579 bibliothecis
1007 4512 1183 4594 habentur,
1209 4515 1378 4599 permagni
1399 4512 1544 4583 facundi
1566 4523 1656 4596 sunt,
1689 4515 1806 4600 quippe
1834 4514 2029 4580 ineditorum
2064 4513 2136 4582 luce
2165 4539 2243 4580 vero

606 4643 870 4728 dignissimorum
884 4639 1073 4728 plenissimi.

712 4832 733 4887 ⁸)
752 4825 904 4879 Faesimile
917 4825 1025 4878 codicis
1037 4823 1102 4879 vide
1114 4823 1131 4880 l.
1144 4824 1162 4877 l.
1175 4823 1204 4877 in
1217 4821 1382 4878 Zeitscbrift
1394 4823 1444 4876 der
1455 4821 1593 4878 Deutsch.
1606 4824 1744 4894 morgenl.
1757 4821 1958 4880 Gesellscbaft.

695 4919 733 4989 **)
750 4918 847 4974 Locus
864 4917 995 4972 iaosimili
1012 4934 1162 4988 expressus
1177 4915 1342 4972 Flcischero
1358 4915 1513 4986 interprete
1530 4916 1572 4971 010
1588 4915 1686 4972 babet:
1711 4917 1784 4972 Tum
1799 4917 1879 4974 mitte
1894 4919 1993 4984 (verba
2010 4925 2077 4973 sunt
2088 4917 2189 4974 Mortis
2205 4919 2243 4973 ad

607 5003 763 5068 diabolum)
776 5003 873 5073 copias
885 5003 1023 5058 malorum
1036 5001 1248 5057 daemoniorum
1259 5009 1372 5056 tuorum
1384 5002 1422 5056 01
1433 5001 1577 5071 principes
1590 5002 1771 5057 sacerdotum
1783 5009 1811 5057 et
1823 5004 1970 5058 doctorum
1982 5003 2069 5074 legis,
2087 5009 2243 5060 0101011010

606 5090 730 5160 ipsorum
747 5093 861 5160 gentem
876 5089 995 5142 incitent
1010 5088 1047 5141 ad
1062 5087 1165 5142 falsam
1178 5089 1239 5158 ejus
1257 5086 1481 5142 criminationem
1503 5085 1662 5142 senioribus
1680 5093 1709 5142 et
1718 5087 1866 5160 judicibus
1884 5087 2067 5158 afferendam,
2087 5093 2120 5143 ut
2139 5088 2242 5160 capitis

606 5174 733 5228 damnari
746 5171 844 5244 possit.
881 5172 991 5238 Quodsi
1004 5178 1130 5228 mortuus
1143 5171 1230 5227 fuerit
1242 5173 1310 5225 etin
1323 5171 1454 5226 manibus
1466 5171 1545 5238 meis,
1557 5172 1586 5225 in
1599 5171 1662 5226 imis
1675 5171 1774 5226 inferis
1786 5189 1850 5228 eum
1863 5173 2040 5228 concludam.

682 5271 732 5332 m)
751 5265 795 5321 Cf.
807 5285 833 5337 p.
846 5266 896 5320 245
909 5285 949 5338 sq.
984 5267 1059 5321 Herr
1070 5265 1147 5322 Prof.
1161 5267 1195 5320 T.
1212 5265 1262 5319 bat
1274 5265 1372 5320 001000
1382 5265 1518 5336 jiingsten
1529 5263 1701 5320 Aufenthalt
1711 5265 1740 5318 in
1752 5264 1862 5320 Kahira
1873 5265 1947 5320 anch
1959 5283 2023 5320 aum
2035 5265 2157 5322 111001
2166 5267 2241 5322 1101-

607 5371 652 5409 101
663 5352 897 5408 10110011100101
913 5352 972 5406 001
984 5348 1674 5418 010110011011100101Ηο010011111001000101,
1691 5351 1751 5405 und
1764 5351 1893 5406 dadurch
1905 5350 1957 5407 wia
1969 5351 2021 5406 der
2031 5351 2243 5408 Wissenscbaft

606 5438 776 5508 tiberhaupt,
789 5456 820 5492 so
834 5438 885 5490 101
890 5436 1041 5506 jiidisohen
1056 5437 1261 5492 insbesondere
1272 5435 1355 5490 einen
1367 5451 1487 5505 grossen
1496 5433 1599 5489 Dienst
1611 5435 1743 5508 geleistet
1816 5435 1868 5490 101
1880 5435 1995 5491 behalte
2006 5435 2060 5490 mir
2070 5455 2129 5504 vor,
2147 5439 2243 5508 sptter

608 5523 687 5578 11000
700 5521 852 5592 wichtigen
863 5521 1088 5576 Handsohriiten
1100 5519 1275 5575 ausfuhrlich
1287 5520 1347 5575 und
1358 5536 1451 5592 ganan
1464 5537 1499 5574 nu
1510 5519 1699 5576 beschreiben
1711 5561 1718 5574 .
1728 5559 1748 5574 ..
1768 5519 1812 5574 cf.
1824 5539 1852 5593 p.
1863 5522 1914 5576 286
1926 5539 1988 5595 sqq.
2002 5539 2029 5594 p.
2039 5522 2091 5577 360
2102 5539 2164 5595 sqq.
