5284 6620
1992 723 2033 791 87

391 933 430 998 τὰ
447 931 601 1016 πράγματα
619 933 762 1014 φωνεται·
785 929 827 997 διδ
849 927 897 994 καί
918 930 1106 1014 προαιρέσεως
1124 928 1251 1014 ἰχενόμην
1271 933 1305 1012 τῇ
1324 929 1402 1006 τάξει
1421 928 1529 1003 παντός
1543 930 1698 996 ἐπακοῦσαι
1710 937 1760 996 τοῦ
1772 930 1862 1016 λόχου.
1906 932 1935 996 7.
1957 930 2035 999 καὶὸ

393 1061 503 1142 Πέτρος
520 1059 627 1126 Οῦνιοῦν
640 1062 690 1123 τοῦ
704 1063 800 1123 λοιποῦ
814 1057 963 1124 σπεῦδοντί
972 1082 1017 1122 σοι
1030 1055 1069 1122 τά
1082 1056 1158 1122 κατὰ
1172 1055 1222 1142 τὴν
1235 1055 1368 1142 ἡμετέραν
1381 1058 1474 1122 πίστιν
1487 1065 1593 1140 μαθεῖν
1606 1057 1746 1142 ὀφείλοντι
1758 1063 1793 1141 τῇ
1806 1058 1884 1136 τάξει
1896 1059 2035 1146 τὸνλόγον

391 1187 557 1270 ὀφθήσομαι
572 1181 664 1271 (sic),
686 1184 735 1250 ἀπ’
752 1185 838 1250 αἰετοῦ
853 1184 1004 1269 ἀρχόμενος
1017 1189 1067 1250 τοῦ
1081 1189 1164 1258 θεοῦ,
1186 1182 1234 1250 καί
1249 1183 1351 1257 δεικνὺς
1364 1180 1408 1250 ότι
1422 1183 1508 1250 αῦτδν
1521 1183 1605 1268 μόνον
1620 1191 1665 1250 δεῖ
1672 1186 1757 1270 λε’χειν
1770 1187 1854 1263 θεόν,
1878 1190 1985 1272 ἰτερους
2005 1191 2036 1258 δί

391 1315 458 1396 μίχτε
471 1315 556 1397 λε’χειν
569 1312 636 1396 μήτε
649 1315 775 1396 νομίζειν,
790 1309 837 1378 καί
851 1309 894 1378 ὅτι
908 1311 923 1378 ό
938 1311 1019 1394 παρὰ
1034 1317 1116 1377 τοῦτο
1129 1317 1218 1377 ποιοῦν
1232 1311 1351 1384 αι’ωνίως
1366 1311 1418 1395 ἔχει
1432 1315 1616 1395 κολασθῆναι,
1631 1311 1671 1386 οῦς
1685 1314 1724 1388 εἰς
1738 1313 1824 1381 αῦτδν
1838 1314 1888 1380 τόν
1899 1321 1956 1382 τῶν
1963 1315 2035 1384 ὅλοιν

393 1439 528 1523 δεσπότην
546 1439 687 1525 ἀσεβήσας
699 1438 738 1506 τά
751 1441 873 1524 μίχιστα.
913 1441 943 1505 8.
965 1437 1013 1504 ιιαί
1027 1444 1110 1506 τοῦτο
1124 1439 1210 1504 εἰπεῖν
1224 1436 1271 1504 ιιαί
1285 1449 1344 1512 τοῖς
1356 1438 1411 1505 ῦπδ
1424 1444 1533 1504 ποθοῦν
1547 1439 1719 1524 δηλουμένοις
1731 1438 1780 1507 καί
1793 1445 1904 1508 νοσοῦσι
1917 1443 1965 1510 νιαί
1979 1452 2035 1512 δαι-

391 1571 496 1650 μονοῦσι
508 1567 562 1641 τάς
574 1579 670 1652 χεῖρας
683 1564 792 1641 ε’πιθείς
805 1565 853 1632 καί
867 1565 1014 1650 εῦξάμενος
1027 1564 1075 1631 καί
1089 1566 1239 1650 ἰασάμενος
1253 1566 1374 1631 ἀπελοσε
1390 1567 1455 1640 τοὺς
1474 1566 1584 1651 ὄχλους·
1607 1565 1655 1632 καί
1672 1567 1727 1632 εἶθ’
1748 1565 1836 1643 υῦτως
1855 1570 1958 1646 εἰσαόν,
1979 1579 2036 1639 τοῦν

393 1694 525 1778 συνήθων
544 1693 621 1760 ἀλοῦν
634 1693 800 1780 μεταλαβεῖν
813 1692 947 1760 ῦπνωσεν.
985 1693 1014 1757 9.
1037 1692 1145 1778 όρθρου
1160 1690 1189 1758 δί
1204 1693 1282 1770 ἔξωλν
1296 1693 1312 1760 ό
1328 1694 1438 1778 Πίτρος
1450 1691 1499 1759 καί
1513 1693 1629 1767 ε’πιστάς
1643 1693 1688 1760 ἰπί
1701 1695 1751 1762 τὸν
1764 1695 1873 1780 συνήθη
1887 1703 1937 1764 τοῦ
1951 1703 2036 1765 διαλιί

394 1831 498 1905 χεσθαι
516 1821 616 1895 τόπον,
638 1821 720 1906 όχλον
737 1821 824 1888 πολῦν
843 1826 1004 1888 συνεστῶτα
1021 1823 1087 1888 εἶδε·
1110 1818 1159 1886 καί
1177 1817 1239 1904 εἷμα
1257 1825 1297 1902 τῷ
1315 1821 1420 1904 μελίαν
1434 1823 1613 1906 διαλεχεσθαι
1627 1822 1712 1889 αῦτόν
1726 1823 1808 1906 εἰσῄει
1823 1849 1865 1899 τις
1878 1829 1935 1892 τοῖν
1949 1828 2038 1894 αῦτοῦ

393 1947 529 2014 διακόνων
542 1949 629 2032 λέγων
642 1952 741 2032 Σίμων
756 1949 815 2016 ἀπό
827 1949 1001 2034 Ἀντιοχείας
1014 1947 1200 2032 εἰσείηλυθοῦς
1214 1949 1262 2014 ἀπ’
1281 1948 1366 2032 αῦτῆς
1379 1948 1511 2031 όσπίρας,
1533 1948 1640 2031 μαθων
1652 1947 1840 2034 ῦποσχόμενόν
1857 1977 1889 2018 σε
1907 1953 1957 2020 τὸν
1974 1954 2037 2038 περί

392 2077 546 2158 μοναρχίας
564 2086 710 2142 ποιεῖσθαι
727 2077 821 2161 λόχον,
845 2076 951 2160 ἕτοιμός
970 2077 1026 2141 ε’στι
1043 2076 1114 2159 μετὰ
1127 2075 1327 2160 Ἀθηνοδώρου
1344 2079 1394 2141 τοῦ
1407 2074 1590 2158 Ἐπικουρείου
1606 2079 1795 2160 διαλεγομένου
1810 2075 1886 2164 (sic)
1900 2107 1945 2147 σω
1963 2081 2037 2146 ἰπελ-

393 2211 466 2276 θεῖν,
481 2200 553 2285 πρὸς
565 2201 599 2268 τό
615 2203 761 2287 ἀντιλεχειν
775 2205 893 2288 δημοσίᾳ
900 2207 972 2270 πᾶσι
979 2213 1038 2276 τοῖς
1045 2201 1100 2269 ῦπδ
1108 2209 1159 2269 σοῦ
1165 2200 1235 2286 ὑπὲρ
1242 2206 1395 2288 μοναρχίας
1402 2205 1555 2287 λεγομένοις
1562 2202 1659 2286 λόχοις.
1691 2203 1740 2268 10.
1756 2210 1848 2272 ταῦτα
1854 2211 1903 2273 τοῦ
1910 2209 2038 2274 διακόνου

392 2331 527 2414 λεχοντος,
542 2329 601 2394 ἰδοῦ
615 2329 700 2404 αἰετός
714 2329 796 2414 εἰσηέι
809 2333 907 2413 Σίμων
919 2330 991 2414 μετά
1003 2327 1205 2414 Ἀθηνσδυίρου
1219 2329 1267 2396 καί
1281 2329 1374 2396 ἀλλων
1388 2334 1470 2396 τινοῖν
1483 2331 1584 2414 ἑτίρων
1600 2325 1741 2416 (corrige
1756 2330 1901 2418 ίταιρων)
1920 2333 1968 2400 ιιαί
1981 2335 2037 2418 πρὸ

392 2471 443 2532 τοῦ
461 2491 487 2529 τι
500 2464 551 2531 τὸν
565 2459 677 2540 Πίτρον
690 2459 879 2542 φθέγξασθαι
894 2457 979 2531 αἰετός
993 2457 1143 2543 προλαβεῖν
1157 2458 1209 2541 ἔφη
1247 2457 1296 2521 11.
1313 2456 1445 2542 Ἕμαθον
1458 2457 1497 2532 οῦς
1511 2457 1631 2542 ὑπόσχου
1642 2456 1715 2543 χθίς
1727 2464 1768 2540 τῷ
1786 2460 1923 2527 Φαῦστωι
1936 2463 1975 2535 εἰς
1988 2462 2038 2546 τὴν

392 2593 509 2676 σήμερον
524 2593 613 2670 δεῖξαι
626 2593 670 2672 τῆι
684 2586 762 2663 τάξει
775 2585 824 2652 τόν
837 2585 919 2669 λόγον
932 2585 1101 2669 ποωῦμενος,
1116 2584 1164 2652 καλ
1179 2585 1227 2650 ἀπ’
1245 2585 1331 2652 αἰτοῦ
1345 2585 1496 2669 ἀρχόμενος
1509 2590 1559 2651 τοῦ
1571 2589 1629 2652 τοῦν
1642 2583 1715 2652 ὅλων
1729 2587 1877 2664 δεσπότου,
1895 2585 1938 2656 ὅτι
1953 2588 2038 2656 αῦτδν

393 2725 437 2784 δεῖ
446 2719 530 2802 μόνον
543 2719 627 2802 ίίχειν
641 2715 725 2790 θεόν,
748 2711 849 2786 ἀλλους
863 2711 893 2778 δί
906 2710 973 2797 μήτε
986 2713 1072 2796 λε’χειν
1084 2712 1152 2797 μήτε
1169 2714 1298 2796 νομίζειν,
1321 2709 1365 2780 ότι
1382 2713 1398 2779 ό
1417 2712 1498 2797 παρά
1517 2717 1600 2780 τοῦτο
1618 2718 1706 2778 ποωῦν
1725 2715 1844 2788 αἰωνίοις
1862 2721 2040 2801 κολασθῆναι

394 2847 455 2931 ἔχει.
495 2845 542 2909 12.
561 2843 617 2928 πρὸ
631 2843 747 2909 πάντων
761 2839 794 2926 δὴ
809 2841 928 2924 ἀληθοῦς
940 2840 1176 2924 καταπεπίηχμαί
1185 2865 1236 2905 σου
1249 2839 1299 2924 τὴν
1314 2840 1458 2916 ἀπόνοιαν,
1473 2837 1516 2906 ότι
1529 2838 1649 2925 ἤλπισας
1662 2841 1702 2914 εἰς
1711 2840 1761 2924 τίμ
1767 2841 1819 2926 σὴν
1826 2841 1952 2927 βοῦλησιν
1958 2871 2039 2926 μετα-

392 2984 488 3039 πεῖσαι
501 2971 593 3056 ἀνδρα
607 2969 696 3054 σοφόν
710 2965 758 3033 καί
772 2973 864 3034 ταῦτα
878 2967 1039 3052 πρεσβύτην.
1061 2967 1120 3032 ἀλλ’
1138 2967 1187 3032 οῦκ
1202 2968 1325 3049 ε’πιτεόξη
1338 2972 1396 3032 τοῦν
1410 2971 1468 3034 σοῖν
1481 2967 1687 3052 βουλαιμάτων,
1702 2968 1790 3052 ταίπη
1803 2975 1922 3052 μᾶλλον,
1937 2971 2038 3054 παρόν

393 3127 442 3174 τος
457 3100 522 3184 ἰμοῦ
536 3097 584 3165 καί
597 3098 663 3171 τοῦς
676 3102 789 3180 ψευδεῖς
802 3120 853 3162 σου
867 3097 1049 3178 διελέγχοντος
1062 3094 1170 3179 λόχους·
1186 3091 1253 3168 ἰσως
1266 3093 1320 3177 χάρ
1334 3094 1400 3177 ἰμοῦ
1412 3094 1449 3178 με)
1462 3095 1604 3178 παρόντος
1616 3093 1751 3180 η’πατόθη
1767 3095 1803 3162 ἀν
1817 3096 1833 3164 ό
1847 3097 1936 3182 σοφὸς
1944 3099 2040 3182 γε’ρων,

394 3227 503 3311 ἰδιότης
517 3224 558 3292 δν
571 3231 628 3292 τοῖν
642 3223 722 3310 παρὰ
729 3223 873 3297 Ἰουδαιόις
886 3223 1005 3306 δημοσία
1018 3222 1237 3304 πεπιστευμένων
1250 3224 1358 3306 βίδλων.
1394 3219 1443 3284 13.
1466 3219 1514 3286 ιιαί
1527 3221 1560 3326 τό
1574 3228 1622 3288 νῦν
1635 3222 1700 3296 τοῦς
1713 3223 1832 3297 πολλοὺς
1844 3223 2040 3309 ῦπτρθὴσομαι

393 3355 499 3439 λόχους,
514 3353 560 3420 ίνα
573 3358 624 3436 τῆς
636 3349 811 3436 ῦποσχίσεοίς
825 3375 876 3415 σου
890 3348 988 3433 τάχιον
1000 3347 1050 3416 τὸν
1065 3349 1173 3434 έλεχχον
1187 3348 1351 3432 ποιήσωμαι
1373 3348 1415 3415 διδ
1424 3349 1466 3432 ἐφ’
1476 3348 1554 3433 ίχμοῦν
1565 3349 1658 3415 αι’ντοῦν
1666 3353 1723 3416 τοῦν
1730 3350 1784 3425 τὰς
1791 3351 1904 3436 χραφάς
1915 3352 2036 3428 εἰδότων,

445 3579 469 3634 7.
481 3578 573 3636 Hom.
585 3575 649 3648 XV,
663 3577 704 3630 11.
722 3609 738 3618 -
750 3607 767 3618 -
782 3573 907 3646 ἡμετίραν
919 3579 1062 3645 θνηστείοιν
1071 3581 1181 3644 μαθεῖν,

393 3664 489 3736 ὀφείλω
500 3668 531 3736 τῇ
542 3697 557 3705 -
571 3697 584 3707 -
596 3669 722 3724 ίιιθιῖναι,
739 3659 785 3714 ἀπ’
798 3659 881 3714 αἰτοῦ
893 3665 947 3714 etc.
960 3660 990 3712 in
1003 3660 1106 3732 quibus
1118 3658 1179 3713 nul·

394 3750 454 3804 lum
460 3749 577 3804 verbum
588 3747 691 3802 differi.
708 3747 796 3816 Epic
808 3742 1083 3812 CXXVIII.--2‘25m.
1092 3749 1180 3798 πίστιν

393 3842 494 3904 μαθεῖν
508 3833 626 3904 προῖόντι
641 3831 688 3896 (εἰ.
699 3839 769 3901 μαθ.
782 3829 911 3902 όηείλοντι
921 3833 952 3901 τῇ
963 3828 1044 3894 τάξει)
1061 3829 1107 3882 τόν
1124 3828 1179 3894 λόν.

394 3919 542 3988 ἐκθήσομαι
559 3917 612 3984 (its.
627 3917 713 3972 etism
734 3933 785 3987 pro
803 3915 960 3984 ὀφθήσομαι
981 3913 1180 3985 corrigendum

394 4003 528 4076 videtur),
541 4001 586 4056 ἀπ’
600 4001 659 4055 ain.
671 4005 774 4072 πρῶτον
783 4001 829 4066 (al.
837 4005 902 4064 cm.)
914 3999 974 4070 ἀρχ.
989 4034 1002 4043 -
1015 4034 1028 4043 -
1041 3997 1121 4052 αὐτόν
1134 3998 1180 4064 (al.

393 4087 435 4141 ότι
450 4087 540 4152 αῦτδν)
551 4109 580 4158 μ.
593 4091 654 4141 δεῖν.
666 4088 712 4153 (al.
725 4089 774 4150 δεῖ)
784 4117 801 4128 -
811 4117 828 4128 -
838 4089 883 4138 sai
899 4083 940 4138 ότι
949 4083 1023 4155 παραὶ
1035 4119 1049 4128 -
1061 4117 1077 4126 -
1089 4085 1181 4138 αἰώνια

394 4173 604 4241 κολασθήσεται,
620 4171 652 4232 ὥς
664 4176 699 4231 εἰς
710 4171 769 4225 ain.
781 4175 831 4224 τῶν
842 4169 909 4225 όλων
920 4170 993 4238 εἰσεβ.
1006 4169 1080 4224 θεόν.

444 4257 469 4312 8.
481 4261 611 4311 καὶτοῦτο
622 4257 715 4322 (Hom.
721 4257 817 4328 ταῦτα)
827 4289 863 4298 --
872 4261 984 4315 ίπιθείςε
998 4255 1180 4311 consentiunt

395 4359 459 4397 cum
475 4342 519 4397 his
536 4348 565 4398 et
580 4343 674 4397 Ηοιια
692 4343 899 4413 etEpitcme.
928 4345 972 4394 καὶ
987 4339 1181 4408 εὐξάμενος--

394 4429 500 4494 ciliove:
516 4427 660 4484 consentit
675 4427 782 4496 Hom,
795 4427 864 4481 item
875 4443 933 4482 sar.
946 4427 1012 4481 lect.
1024 4425 1180 4495 Epitomcs‚

357 4521 360 4528 '
394 4513 447 4568 sed
459 4513 567 4568 editum
583 4517 639 4568 cst:
654 4517 699 4565 καλ
709 4513 820 4572 τούτους
831 4511 892 4583 εὐχῇ
903 4511 1072 4582 θεραπεύσας
1081 4509 1129 4578 τίχν
1139 4517 1181 4564 iz-

393 4602 500 4666 ιιλησίοιν
510 4601 630 4652 διέλυσεν.
647 4597 741 4652 Hom.
752 4595 855 4651 καλεῖθ’
866 4629 883 4638 -
892 4632 906 4641 -
916 4599 1112 4664 συνηθεστέραν
1119 4597 1181 4662 (sed

395 4681 493 4739 ottob.
511 4682 642 4753 συνήθων)
658 4713 675 4723 -
690 4705 724 4744 -,·
743 4681 835 4752 Epit.
853 4681 904 4736 εἶθ’
923 4683 969 4748 (al.
985 4687 1029 4735 καῖ
1046 4680 1110 4744 εἷθ’)
1126 4680 1180 4735 οῦτ.

395 4768 519 4822 εἰσελθών
531 4767 577 4835 (al.
590 4765 682 4831 εἰσιολν)
695 4770 738 4819 ιιαί
750 4767 796 4830 (εἰ.
810 4773 874 4831 om.)
886 4771 937 4820 τοῦν
949 4774 1002 4822 etc.

444 4855 469 4909 9.
482 4853 574 4908 Hom
586 4851 664 4920 XVI,
677 4852 701 4905 1.
711 4850 890 4922 paucissimis
902 4852 1008 4906 differt:
1021 4852 1125 4924 ὄρθρου
1136 4883 1153 4894 -
1166 4887 1180 4896 -

394 4938 460 4992 εῖδει
471 4937 545 5008 (Par.
556 4940 620 5002 ἴδεν)
633 4973 647 4982 -
658 4969 675 4978 -
686 4935 817 5006 ἐληλυθώς
830 4933 875 4989 ἀπ’
889 4936 970 5003 (Dav.
984 4937 1089 5007 corrigi
1105 4936 1180 4992 vole·

394 5023 445 5079 bat
455 5021 506 5088 ἐπ’)
517 5055 533 5064 -
544 5055 560 5064 -
575 5024 653 5088 λόχον
669 5021 777 5088 (Ottob.
790 5024 876 5088 λόγων)
893 5054 909 5064 -
920 5054 936 5064 -
947 5021 1014 5091 μετά
1025 5021 1100 5093 (Par.
1114 5021 1180 5076 add.

393 5109 434 5178 γε)
443 5141 459 5150 -
470 5141 486 5150 -
498 5111 667 5178 διολενομίνρ
680 5106 744 5178 (sed
755 5105 819 5161 Psr.
833 5123 897 5160 cum
908 5113 1006 5161 nostro
1024 5105 1099 5160 mals
1116 5109 1180 5174 -μί-

394 5198 451 5254 νου)
464 5226 478 5236 -
491 5225 506 5234 -
518 5191 568 5246 sind
581 5197 631 5246 σοῦ
642 5191 779 5247 ῦπώσπστε
793 5191 854 5257 ῦπίρ
866 5197 919 5246 etc.
943 5191 1031 5260 Epit.
1045 5189 1140 5261 Ὄρθρ.
1153 5193 1180 5243 δί

395 5279 473 5330 πάλιν
491 5278 536 5344 (al.
549 5283 613 5344 om.)
626 5275 640 5330 ό
653 5280 700 5330 Πί.
713 5281 747 5336 if.
763 5281 807 5330 καί
822 5276 871 5346 (al.
884 5277 950 5331 add.
962 5273 1078 5340 ἰπιστσὶς)
1096 5279 1139 5328 ἰπὶ
1154 5296 1178 5328 τ.

394 5381 450 5415 συν.
464 5365 529 5415 διαλ.
538 5361 598 5416 τόπ.
608 5365 673 5423 στάς
684 5363 726 5429 (al.
735 5365 807 5428 omi,
817 5361 863 5414 όίτε
874 5364 917 5412 ιιαῖ
926 5365 1026 5414 πολλῶν
1035 5363 1180 5430 συνδεδρα-

393 5448 511 5515 μηκότων
527 5447 609 5514 ὄχλων
621 5449 667 5515 (ελ.
680 5465 744 5502 cum
756 5451 878 5514 nostro),
890 5445 947 5514 ἀμα
957 5479 973 5487 -
985 5479 1001 5488 -
1011 5445 1080 5515 μετά
1091 5465 1120 5510 γε
1131 5449 1180 5498 τοῦ

389 5531 476 5584 'Eum
483 5533 576 5600 Ἀθην.
589 5536 757 5602 διαλεγομένῳ
766 5551 791 5586 τ.
801 5537 821 5584 ί.
830 5527 863 5590 ὦς
872 5527 906 5584 ἂν
913 5534 979 5585 πᾶσι
987 5540 1044 5590 τοῖς
1054 5529 1076 5584 ii.
1086 5550 1111 5584 σ.
1120 5534 1180 5602 περὶ

1251 3595 1310 3644 μον.
1326 3573 1559 3644 ῦπαχσρευομίνοις
1576 3578 1689 3645 δημοσίᾳ
1704 3576 1794 3648 παρολν
1810 3577 1890 3638 αἰτός
1912 3577 2040 3643 ἀντιλέγοι

1252 3659 1301 3732 (ελ
1312 3660 1429 3731 propius
1442 3660 1479 3714 ad
1491 3668 1620 3715 nostrum
1632 3663 1748 3728 accedi.

1303 3769 1343 3824 10.
1355 3769 1448 3824 Hom.
1460 3802 1497 3812 --
1505 3773 1579 3823 τινοῖν
1588 3774 1639 3823 τοῖν
1647 3770 1827 3842 ἑταίρωνίθίἰ.
1837 3789 1891 3826 om.
1897 3793 1921 3826 τ.
1930 3777 1973 3838 it.)
1984 3779 2038 3828 etc.

1251 3854 1340 3924 Epis
1353 3851 1470 3908 CXXX.
1483 3887 1502 3896 -
1514 3887 1529 3896 -
1546 3854 1604 3908 ἰδοῦ
1615 3860 1658 3908 καί
1670 3855 1684 3908 ό
1696 3861 1759 3925 Σίμ.
1776 3856 1824 3910 σὺν
1836 3855 1898 3910 Ἀθ.
1915 3863 1961 3910 καί
1973 3878 2039 3912 τισιν

1251 3939 1338 3998 ἄλλοις
1349 3943 1458 4010 ἑταίροις
1469 3939 1547 4012 εἰσῄει
1557 3973 1573 3982 -
1582 3973 1599 3982 -
1608 3975 1621 3986 -
1633 3962 1657 3994 τ.
1669 3944 1717 3994 Πί.
1729 3941 1794 4001 όλως
1805 3945 1893 4006 εἰπεῖν,
1904 3941 1984 4002 αὐτός
1992 3963 2036 4012 πρ.

1247 4025 1382 4093 Ἒμαθσν,
1396 4030 1482 4096 φησίν.

1303 4136 1343 4189 11.
1355 4135 1448 4190 Hom.
1458 4135 1536 4202 XVI,
1548 4137 1572 4190 2.
1584 4168 1619 4181 --
1630 4141 1707 4202 ἐχθὲς
1718 4136 1866 4204 (οἰἰ.χθίς)
1878 4137 1959 4206 μόνον
1969 4141 2009 4192 δεῖ
2017 4143 2039 4191 λ.

1252 4219 1318 4274 θεόν
1335 4221 1387 4284 (ita
1401 4218 1513 4290 ottob„
1529 4221 1593 4276 Par.
1605 4225 1671 4294 om.)
1689 4257 1703 4266 -
1715 4255 1730 4264 -
1742 4228 1799 4288 ἰχει.
1822 4223 1913 4294 Ερίἰ.
1930 4224 2038 4294 pergit:

1251 4305 1292 4360 ότι
1306 4311 1373 4372 χθὲς
1390 4303 1505 4371 ῦπίσχοιι
1520 4310 1556 4376 τῷ
1572 4312 1604 4358 Φ.
1616 4307 1685 4360 κατὰ
1695 4307 1743 4377 τὴν
1753 4341 1769 4350 -
1780 4341 1797 4350 -
1809 4307 1854 4362 ἀτί
1868 4309 1952 4362 αὐτοῦ
1964 4312 2037 4380 προῦ-

1250 4413 1323 4445 τον-
1336 4427 1350 4435 -
1363 4394 1402 4444 δεῖ
1412 4391 1492 4460 μόνον
1503 4391 1551 4456 (εἰ.
1561 4391 1620 4462 μόν.
1632 4396 1679 4459 δεῖ)
1694 4429 1707 4438 -
1719 4426 1735 4434 -
1750 4397 1794 4446 καί
1810 4391 1853 4447 ότι
1869 4429 1882 4438 -
1901 4426 1917 4436 -
1933 4398 2040 4447 αἰωνίαν

1252 4476 1337 4548 ῦφίξει
1347 4476 1394 4544 τίην
1405 4483 1536 4548 τιμωρίαν.

1303 4580 1343 4633 12.
1355 4578 1449 4634 Hom.
1461 4576 1478 4632 l.
1486 4577 1503 4630 l.
1515 4577 1567 4649 πρὸ
1577 4595 1606 4631 π.
1620 4581 1647 4632 δί
1657 4611 1693 4622 --
1705 4578 1833 4634 ἀπόνοιαν
1838 4579 1890 4654 (ita
1898 4579 1965 4649 Oct,
1971 4580 2037 4636 Par,

1251 4665 1384 4735 πρόνοιαν)
1397 4697 1413 4706 -
1424 4697 1440 4706 -
1451 4668 1657 4733 πεπιστειιμίνων
1668 4662 1737 4733 (otc
1748 4666 1955 4738 πεπιττωμένων)
1967 4669 2036 4734 βίβλ.

1251 4749 1339 4820 Epic
1352 4749 1394 4805 il.
1405 4749 1457 4816 πρό
1468 4767 1497 4802 π.
1510 4739 1556 4802 οῦν
1568 4784 1582 4794 -
1594 4783 1609 4794 -
1620 4747 1754 4813 ῦπόνοιαν,
1765 4749 1806 4804 ότι
1815 4752 1874 4818 ἤλπ.
1880 4759 2039 4820 μεταπεῖσαι

1252 4833 1279 4886 οἰ.
1288 4853 1313 4887 σ.
1326 4833 1393 4888 οῦτοι
1406 4869 1420 4878 -
1432 4865 1448 4876 -
1458 4837 1509 4886 τῶν
1520 4837 1628 4888 ίλπίδων
1639 4839 1682 4886 καλ
1693 4839 1741 4888 τοῦ
1753 4836 1910 4905 θελήματος,
1922 4835 1969 4888 ἀπε
1981 4854 2037 4888 πα-

1252 4918 1342 4988 ρόντος
1351 4951 1387 4962 --
1401 4925 1460 4977 ἴσως
1471 4917 1522 4988 χοίρ
1534 4917 1567 4972 ἀν
1578 4922 1623 4972 nas
1632 4919 1752 4986 ἠπάτητο
1761 4919 1798 4989 μὴ
1809 4941 1872 4990 παρ.
1882 4923 1954 4989 ἰμοῦ,
1967 4921 2038 4974 ἰδιοί·

1251 5023 1298 5070 της
1310 5038 1324 5048 -
1337 5035 1353 5045 -
1363 5008 1560 5074 πεπιστωμίνων
1573 5007 1642 5072 βίβλ.

1303 5105 1343 5162 13.
1353 5105 1445 5159 Hom.
1452 5105 1493 5160 l.1.
1502 5111 1546 5159 καὶ
1554 5105 1709 5172 simmei)
1720 5137 1735 5148 -
1745 5105 2035 5172 -τιῖνίιαείεεῦτεεε,

1252 5189 1399 5262 omissum)
1414 5189 1464 5250 τοίς
1477 5223 1489 5233 -
1501 5222 1518 5233 -
1529 5191 1612 5263 ψεύδη
1629 5193 1681 5256 (its.
1693 5190 1765 5259 Oti„
1779 5190 1844 5245 Par.
1856 5191 1967 5260 ψευδής)
1983 5196 2037 5247 etc.

1251 5273 1339 5344 Epis
1352 5273 1370 5328 l¹
1382 5274 1446 5329 1.τά
1459 5277 1503 5328 νῦν
1515 5279 1542 5329 δί
1553 5309 1569 5318 -
1579 5311 1592 5320 -
1606 5277 1648 5329 iic
1661 5277 1763 5330 θᾶττόν
1774 5295 1823 5332 σου
1834 5275 1880 5345 τὴν
1894 5275 2038 5344 ὑπόσχεσιν

1252 5360 1371 5419 ἀσθενῶς
1387 5364 1498 5426 ίχουσπν
1515 5364 1638 5427 διελίχξω.
1663 5365 1718 5427 λε’γε
1735 5366 1874 5432 τοιγαροῦν
1891 5362 1906 5414 δ’
1923 5361 2037 5430 ῦπίσχου

1252 5480 1266 5490 -
1279 5477 1292 5490 -
1304 5447 1404 5504 ἐθέλοις
1420 5449 1577 5516 παραλιπεῖν
1593 5481 1608 5490 -
1620 5483 1634 5492 -
1652 5446 1733 5508 οῦτως
1748 5447 1880 5508 ἀπόδειξις
1896 5446 1937 5501 ῦτι
1953 5453 2037 5518 ψευδῆ

1251 5530 1287 5584 τὰ
1299 5530 1466 5602 ὑπεσχημένα
1480 5539 1534 5587 etc
