5284 6620
1986 716 2026 779 77

384 921 466 987 Sunt
479 930 636 988 tractatus
653 921 772 1008 singuli
788 944 847 988 sex
862 930 894 988 et
908 921 1033 1006 viginti,
1049 941 1130 1008 quos
1145 919 1253 985 iudice
1268 917 1423 984 Silvestre
1435 918 1476 984 de
1486 918 1572 1005 Sacy
1582 919 1755 984 maximam
1766 928 1892 1005 portem
1902 918 2028 984 Hamza
2135 926 2138 932 '

384 1051 524 1135 scripsit.
553 1047 747 1116 Inscribitur
759 1049 897 1136 primns:
916 1047 1067 1136 Epistula
1082 1069 1165 1135 quae
1179 1048 1271 1134 impii
1286 1045 1456 1112 cerebrum
1470 1045 1620 1112 diminuit
1634 1043 1845 1134 (perfringit).
1880 1045 2025 1112 Tertius:

384 1176 508 1242 Natura
523 1177 634 1242 divina
644 1179 763 1242 virtute
776 1177 863 1241 omni
873 1177 988 1242 maior.
1011 1175 1170 1258 Quartus:
1183 1174 1474 1261 Litteraemagnae
1486 1173 1530 1239 ad
1541 1175 1688 1240 feminas.
1714 1174 1871 1240 Decimus
1883 1176 2027 1262 quintus:
2054 1209 2057 1214 ·

385 1302 591 1391 Colloquium
607 1313 778 1370 secretum.
800 1303 893 1370 Hace
906 1301 1009 1370 verba
1023 1312 1099 1369 sunt
1113 1325 1195 1390 quae
1210 1303 1355 1368 veritatis
1371 1323 1483 1378 amans
1500 1310 1626 1368 secreto
1641 1301 1684 1366 ad
1699 1311 1879 1368 creatorem
1897 1303 1984 1367 facit.

489 1431 579 1496 VIII.
610 1430 726 1497 Codex
748 1429 942 1497 Arabicus
963 1431 1185 1496 Drusianus
1207 1429 1421 1518 bombycinus
1444 1431 1568 1496 formae
1590 1439 1739 1517 quartae,
1762 1429 1890 1496 duobus
1909 1431 1949 1495 iis
1972 1431 2026 1518 qui

383 1558 584 1644 praecedunt
608 1560 724 1644 maior,
749 1581 837 1624 nune
860 1557 1077 1624 bibliothecae
1099 1557 1222 1644 Regiae
1245 1557 1455 1624 Dresdensis.
1507 1558 1614 1624 Huius
1641 1580 1768 1645 quoque
1790 1557 1865 1624 libri
1891 1555 2027 1623 alterum

384 1686 551 1773 exemplar
559 1685 715 1753 Silvestre
724 1686 764 1752 de
774 1684 1068 1773 Saoypossidebat.
1091 1684 1254 1772 Exposuit
1264 1684 1304 1751 de
1314 1707 1352 1751 eo
1360 1685 1380 1750 l.
1390 1685 1410 1752 l.
1418 1709 1493 1774 pag.
1504 1684 2017 1754 COCCLXXX—CCCOXCIV
2019 1733 2026 1747 .

383 1811 587 1878 Distributus
607 1823 657 1878 est
675 1813 759 1878 liber
779 1814 813 1877 in
832 1822 990 1878 tractatus
1010 1821 1084 1878 octo
1105 1823 1138 1878 et
1156 1813 1285 1898 viginti,
1308 1835 1446 1900 quorum
1468 1812 1598 1899 plurimi
1619 1813 1662 1879 ad
1678 1813 1865 1879 Moeteuam
1889 1815 1972 1896 sive,
1993 1823 2029 1878 ut

383 1943 507 2027 passim
525 1951 744 2027 nuncupatur,
768 1939 1003 2022 Beda-eddin,
1027 1941 1082 2026 qui
1102 1949 1216 2027 quarto
1236 1939 1310 2006 loco
1331 1943 1459 2029 excepit
1477 1941 1636 2006 Hamzam
1656 1963 1816 2005 summum
1835 1942 2027 2024 ministrum,

383 2069 568 2133 referuntur
581 2077 757 2134 auctorem.
790 2067 998 2152 Singulorum
1012 2077 1208 2133 tractatuum
1222 2066 1333 2132 titulos
1349 2067 1472 2154 aliquot
1485 2067 1719 2134 adscribamus.
1756 2067 1950 2134 Inscribitur
1964 2071 2027 2155 pri-

383 2217 470 2260 mus:
486 2195 632 2262 Primum
647 2195 688 2261 de
705 2203 830 2282 septem
844 2194 1005 2260 mandatis
1020 2193 1253 2264 Unitarionun.
1281 2193 1388 2260 Alter:
1407 2193 1574 2280 Hortatio,
1590 2195 1814 2282 reprehensio,
1832 2197 2028 2283 objurgatio·

383 2345 442 2387 nes
458 2333 490 2387 et
504 2324 663 2388 institutio
680 2321 723 2388 ad
737 2321 819 2387 duos
828 2322 895 2387 Dai'
910 2345 1047 2410 quorum
1061 2321 1143 2388 fides
1159 2321 1343 2388 vacillabat
1366 2323 1522 2389 Decimus
1539 2333 1687 2411 quartus:
1702 2324 1792 2389 Fons
1808 2323 1916 2409 legum
1930 2347 2028 2390 verae

383 2451 523 2536 pietatis,
540 2447 657 2537 quibus
673 2448 881 2537 polytheismi
895 2448 1016 2536 placita
1030 2451 1290 2534 exstinguuntur.
1329 2450 1485 2516 Decimus
1505 2455 1650 2538 quintus:
1674 2451 1823 2517 Examen
1845 2461 1877 2516 et
1896 2453 2028 2516 investi-

384 2579 486 2664 gatio,
510 2586 546 2643 ut
565 2576 661 2664 plene
686 2577 824 2642 satisfiat
848 2577 953 2642 officio
975 2587 1089 2642 nostro
1112 2576 1315 2664 exstirpandi
1339 2576 1530 2664 religionem
1555 2577 1828 2662 Christianorum,
1853 2579 2027 2667 impiorum

382 2705 592 2792 veritatisque
607 2705 821 2770 inimicorum.
911 2782 914 2788 Ι

489 2831 642 2898 Ceterum
658 2831 803 2897 eiusdem
817 2830 892 2897 libri
906 2831 970 2896 alia
985 2830 1184 2918 exemplaria
1199 2829 1321 2896 Oxonii
1336 2841 1368 2897 et
1382 2831 1519 2898 Parisiis
1535 2836 1699 2900 asservari
1713 2844 1850 2902 constat.

809 3789 1128 3874 EXCERPTA
1158 3791 1240 3873 EX
1272 3791 1600 3875 CODICIBUS

382 3996 438 4070 IN
457 3995 627 4071 VARIIS
645 3993 886 4070 EUROPAE
905 3993 972 4070 ET
990 3993 1230 4070 ORIENTIS
1248 3993 1608 4071 BIBLIOTHECIS
1627 3995 1662 4069 A
1680 3993 1754 4068 ME
1772 3993 2028 4072 EXGUSSIS.

487 4234 514 4298 I.
537 4235 626 4300 Inter
640 4235 729 4298 viros
746 4231 861 4298 doctos
877 4242 1005 4298 constat
1025 4231 1239 4298 Clementis
1258 4233 1418 4300 Romani
1437 4257 1520 4322 quae
1535 4235 1680 4300 femmter
1694 4233 1950 4300 Homiliarnm
1964 4235 2028 4300 duo

382 4371 506 4428 tantum
521 4360 689 4448 hucusque
705 4361 836 4426 codices
851 4359 1001 4426 inventos
1017 4381 1100 4425 esse.
1135 4359 1229 4426 Alter
1242 4369 1293 4426 est
1305 4361 1486 4446 Parisinus,
1501 4361 1545 4428 ad
1558 4360 1656 4426 finem
1671 4360 1812 4446 mutilus,
1828 4362 1980 4428 desinens
1996 4363 2029 4427 in

321 4493 324 4500 “
382 4487 484 4553 verba
498 4487 618 4552 Homil.
633 4487 726 4571 XIX,
744 4487 793 4552 14.
808 4487 825 4572 ἡ
838 4484 888 4572 ὕλη
902 4487 988 4554 ὁπότε
1003 4487 1058 4568 (cf.
1074 4486 1124 4552 ed.
1140 4488 1286 4554 Dressel.
1302 4511 1377 4576 pag.
1392 4488 1469 4574 383,
1487 4486 1562 4576 12).
1598 4487 1649 4554 Eo
1665 4489 1735 4555 solo
1750 4487 1915 4555 nitebatur
1929 4489 2028 4555 editio

383 4615 539 4681 Cotelerii
554 4625 586 4679 et
601 4616 656 4702 qui
672 4623 775 4680 totum
796 4615 865 4710 eius
886 4615 926 4680 de
945 4613 1093 4702 patribus
1114 4615 1303 4703 apostolicis
1324 4638 1406 4703 opus
1426 4616 1627 4683 emendatius
1646 4618 1776 4704 repetiit
1795 4615 1928 4698 Clerici,
1951 4619 2028 4682 item

381 4764 505 4828 nupera
526 4739 723 4828 Schwelgeri
742 4741 852 4808 editio.
887 4741 1081 4829 Nuperrime
1105 4753 1214 4807 autem
1235 4741 1318 4808 alter
1338 4745 1491 4826 accessit,
1514 4741 1753 4810 Ottobonianus
1773 4744 1966 4828 Vaticanus,
1985 4741 2027 4810 ab

380 4867 515 4934 Alberto
530 4866 668 4933 Dressel
682 4868 833 4933 inventus
849 4879 882 4934 et
895 4891 981 4935 anno
999 4869 1090 4936 1853.
1109 4867 1152 4934 ad
1170 4890 1289 4934 novam
1309 4868 1514 4936 homiliarum
1533 4869 1709 4937 editionem
1727 4869 1901 4936 adhibitus.
1938 4871 1972 4936 Is
1996 4881 2028 4936 et

380 4999 508 5080 integer
522 5005 647 5060 estnec
661 5017 736 5061 raro
751 4993 900 5061 lectionis
915 4994 1060 5062 bonitate
1073 4997 1224 5079 Parisino
1238 5005 1393 5083 praestat.
1425 4997 1640 5064 Nihilominus
1660 4997 1795 5064 multum
1814 4996 1908 5063 abest
1926 5007 1961 5062 ut
1975 4997 2026 5062 his

381 5123 509 5188 duobus
526 5121 693 5188 codicibus
709 5121 983 5210 acquiescendum
998 5124 1148 5190 videatur
1161 5133 1217 5189 aut
1232 5122 1373 5189 editione
1387 5123 1549 5192 Dresselii
1564 5125 1684 5190 criticis
1700 5124 1880 5191 rationibus
1898 5125 1963 5191 iam
1984 5127 2027 5190 sit

381 5250 594 5315 satisfactum.
634 5249 767 5316 Habent
788 5250 875 5314 enim
890 5251 1003 5316 critica
1017 5252 1105 5317 eirca
1117 5259 1242 5316 textum
1257 5249 1472 5316 Homiliarum
1487 5249 1760 5317 Clementinarum
1776 5251 1883 5317 studia
1898 5273 1936 5316 eo
1951 5251 2025 5340 plus

381 5377 551 5460 gravitatis
567 5399 631 5465 quo
646 5377 751 5463 magis
766 5385 879 5444 nostra
897 5387 1004 5443 aetate
1022 5376 1221 5446 intellectum
1240 5387 1291 5444 est
1307 5377 1427 5442 librum
1445 5376 1535 5444 illum
1554 5377 1730 5445 Clementis
1751 5378 1973 5466 apocryphum
1990 5381 2025 5445 in

380 5501 518 5568 historia
539 5505 726 5592 primaevae
750 5503 908 5571 ecclesiae
931 5503 1120 5591 indaganda
1144 5506 1279 5572 maximi
1302 5503 1487 5571 faciendum
1513 5527 1594 5572 esse.
1640 5503 1734 5586 Quae
1760 5529 1858 5594 quum
1881 5509 1926 5572 ita
1951 5509 2032 5604 sint,
