5284 6620
625 707 665 774 78

621 935 819 999 magnopere
840 911 969 996 gaudeo
992 911 1123 978 codices
1146 911 1228 978 aiios
1251 913 1316 979 duo
1340 936 1360 979 a
1382 935 1434 978 me
1452 921 1599 1001 repertos
1620 934 1706 996 esse,
1730 911 1867 978 alterum
1886 912 1920 976 in
1941 911 2050 996 Italia,
2074 911 2209 978 alterum
2232 914 2266 977 in

622 1042 755 1106 oriente.
793 1038 886 1122 Quos
902 1047 1102 1126 quantopere
1118 1038 1314 1128 sperandum
1330 1040 1372 1104 sit
1385 1037 1542 1104 valituros
1557 1061 1631 1106 esse
1646 1063 1720 1105 oum
1735 1037 1778 1105 ad
1791 1038 2027 1105 restituendum
2042 1048 2166 1104 textum
2185 1041 2265 1105 anti·

621 1168 811 1255 quissimum
825 1175 894 1232 tum
908 1165 951 1232 ad
965 1165 1135 1232 historiam
1150 1167 1220 1232 eius
1238 1165 1312 1232 libri
1330 1165 1568 1246 illustrandam,
1592 1167 1672 1232 satis
1694 1165 1866 1254 apparebit
1887 1189 1930 1232 ex
1950 1165 2116 1254 prioribus
2138 1167 2264 1252 primae

620 1293 782 1360 Homiliae
805 1293 1002 1359 sectionibus
1024 1291 1170 1380 locisque
1192 1292 1315 1380 aliquot
1339 1292 1477 1359 selectis.
1514 1292 1676 1360 Dabimus
1691 1301 1799 1358 autem
1813 1295 1921 1380 ipsum
1937 1295 2124 1359 continuum
2138 1302 2263 1358 textum

620 1420 892 1508 quemadmodum
907 1431 940 1485 et
953 1421 988 1484 in
1000 1418 1149 1486 orientali
1165 1429 1198 1486 et
1211 1421 1245 1484 in
1258 1419 1373 1486 Italico
1388 1419 1507 1506 legitur
1521 1420 1648 1503 codice,
1671 1419 1829 1485 lectiones
1848 1420 2065 1486 Homiliarum
2087 1443 2129 1484 ex
2150 1419 2263 1484 editio·

619 1548 715 1614 nibus
732 1546 887 1613 Gotelerii
905 1556 937 1612 et
950 1546 1111 1612 Dresselii
1125 1569 1253 1634 unaque
1267 1545 1437 1635 Epitomes
1453 1569 1535 1635 quae
1550 1545 1740 1635 plerumque
1759 1546 1877 1613 dicitnr
1895 1556 2021 1612 textum
2040 1545 2098 1612 ubi
2116 1547 2159 1612 ad
2178 1569 2264 1612 oom-

619 1675 800 1763 parendum
815 1685 910 1761 aptus
926 1683 975 1740 est
990 1673 1051 1740 sub
1064 1683 1156 1738 textu
1171 1683 1330 1740 notantes.

725 1803 851 1868 Titulus
866 1801 989 1866 libriin
1005 1800 1154 1866 orientali
1169 1801 1280 1866 codice
1295 1800 1381 1866 hunc
1395 1803 1429 1867 in
1443 1802 1577 1868 modum
1591 1802 1732 1888 scriptus
1748 1811 1813 1866 est:
1831 1807 1903 1876 Βιος
1920 1801 1968 1868 καὶ
1987 1804 2112 1868 πολιτεία
2131 1799 2179 1867 καί
2196 1827 2263 1884 μορ

620 1935 711 2016 τίριον
725 1937 774 1997 τοῦ
788 1930 868 2014 ἁγίου
881 1928 929 1994 καί
943 1929 1055 2006 ἐνδόξου
1069 1928 1263 2012 ιἐρομιίρτορος
1276 1929 1438 2012 Κλήμεντος
1452 1929 1666 2014 ἀρχιοπισκόπου
1677 1929 1784 2012 Ῥοίμης
1797 1934 1930 2012 μαθηταί·
1943 1933 1993 1995 τοῦ
2008 1927 2087 2013 ἁγίου
2106 1927 2264 1994 ἀποστόλου

621 2061 740 2142 Πέτρου.
776 2055 830 2121 Ad
844 2055 924 2120 haec
939 2056 1074 2142 propius
1088 2053 1222 2140 reliquis
1237 2053 1328 2120 libris
1345 2056 1475 2141 scriptis
1494 2055 1621 2120 accedit
1640 2057 1800 2141 scriptura
1819 2065 1970 2142 quattuor
1984 2055 2154 2142 Epitomes
2175 2053 2262 2118 codi-

620 2211 702 2268 cum,
718 2186 753 2249 in
767 2182 883 2270 quibus
900 2191 958 2264 est,
974 2191 1057 2246 teste
1074 2179 1251 2248 cotelerio:
1266 2186 1339 2256 Βίος
1352 2187 1402 2248 τοῦ
1416 2181 1495 2268 ἁγίου
1509 2183 1704 2267 ῖερομορνυρος
1719 2181 1883 2270 (μάρτυρος)
1899 2183 1990 2266 Κλήμ.
2001 2183 2087 2248 ἐπισκ.
2099 2181 2181 2265 Ῥσίμ
2188 2191 2262 2264 μαθ.

619 2341 643 2380 τ.
659 2313 702 2397 ἀγ.
718 2313 819 2378 ἀποστ.
834 2312 922 2394 Πίνρ.
952 2309 1039 2374 Satis
1055 2309 1209 2375 diffamat
1229 2309 1345 2395 reliqui
1363 2317 1431 2374 tres
1450 2308 1539 2398 apud
1554 2307 1753 2375 Gotelerium
1766 2309 1936 2396 Epitomes
1956 2309 2101 2391 codices,
2126 2331 2263 2394 quorum

619 2464 702 2506 unus
718 2437 829 2503 addita
843 2436 924 2502 haee
939 2435 1050 2502 habet:
1066 2438 1226 2521 Κλήμεντος
1239 2441 1296 2502 τοῖν
1312 2439 1424 2521 Πίιρου
1438 2437 1585 2520 ἐπιδημῶν
1599 2439 1779 2522 κηρυγμάτων
1793 2438 1919 2521 ίπιτομή,
1936 2459 2019 2523 quae
2035 2435 2165 2524 quidem
2182 2433 2262 2516 sola,

619 2567 707 2654 quod
721 2565 861 2647 mireris,
880 2563 974 2629 titulo
988 2562 1074 2646 loco,
1093 2563 1284 2650 praemissis
1299 2561 1426 2628 duabus
1442 2562 1602 2649 epistulis,
1623 2563 1837 2630 Homiliarum
1853 2561 1983 2628 codices
1999 2571 2031 2628 et
2045 2563 2214 2628 Parisinus
2231 2571 2263 2626 et

617 2695 795 2760 Vaticanus
811 2689 940 2757 habent.

723 2818 966 2903 ΚλήμηςἸακοίβφ
979 2823 1019 2898 τῷ
1033 2821 1116 2903 κυρίῳ
1130 2817 1178 2884 καί
1193 2813 1333 2898 ίαισιιόπφ
1341 2815 1365 2904 ¹)
1381 2815 1429 2884 aci
1443 2817 1600 2884 ἐπισκόπων
1615 2819 1764 2898 ἕπισκόπφ,
1779 2819 1898 2884 διέποντι
1911 2817 1941 2883 δὲ
1952 2818 2001 2902 τήν
2015 2815 2075 2903 ἐνὶ)
2083 2815 2261 2902 Ἰερουσαλήμ

619 2951 702 3034 ἁγίαν
720 2951 776 3013 τοῖν
791 2950 969 3028 Χριστιανῶν
977 2942 1002 3028 ³)
1022 2945 1166 3028 διπλήσιον
1185 2943 1233 3010 καί
1251 2945 1305 3019 τὰς
1321 2949 1451 3030 πανταχῆ
1469 2950 1541 3010 θεοῦ
1559 2948 1677 3030 προνοίᾳ
1695 2945 1857 3029 ίδρυθιίσας
1876 2949 1970 3019 καλοῖς
1984 2951 2109 3028 Χριστοῦ
2127 2949 2177 3009 τοῦ
2190 2949 2262 3008 θεοῦ

617 3078 693 3161 ήμῶν
712 3071 885 3157 ἐκκλησίαςλ)
909 3073 958 3138 σίιν
977 3099 1007 3137 τε
1026 3074 1217 3157 προσβιπεροις
1235 3070 1283 3138 καὶ
1301 3073 1437 3146 διωνόνοις
1451 3069 1500 3136 καί
1518 3083 1576 3146 τοῖς
1593 3077 1700 3146 λοιποῖς
1719 3069 1848 3156 (orient.
1863 3069 1972 3158 λυποῖς)
1994 3069 2100 3138 ἅπασιν
2119 3071 2261 3154 ἀδελφοῖς·

617 3203 706 3287 ειρήνιγ
720 3199 759 3284 οίιγ
771 3201 900 3265 πάντοτε.

723 3335 753 3392 Γ
750 3329 867 3411 νώριμον
888 3329 959 3393 ἔσται
980 3351 1036 3401 σοι,
1054 3325 1131 3408 κίριί
1146 3354 1211 3410 μου,
1233 3323 1276 3392 ὅτι
1295 3323 1384 3413 tyto
1405 3327 1521 3410 Κλήμης
1536 3325 1682 3410 Ῥωμαίων
1700 3328 1814 3409 πολίτρς
1832 3322 1872 3390 δν
1890 3323 1937 3390 καί
1956 3325 2005 3409 τήν
2023 3323 2135 3410 προίτρν
2154 3324 2260 3408 ἡλικίαν

617 3455 769 3540 σωφρόνως
784 3460 863 3538 ζήσαι
877 3453 1051 3536 δυνηθείςθ),
1067 3458 1116 3537 τῆς
1130 3453 1237 3526 ἐννοίας
1250 3480 1302 3536 μου
1317 3454 1347 3518 ἐκ
1360 3453 1461 3527 παιδός
1475 3453 1719 3537 ἄπασγολοόσρςῚ)
1735 3453 1784 3536 τήν
1799 3453 1827 3516 ίν
1842 3449 1900 3535 ἐμοὶ
1915 3453 2067 3534 ἐπιθυμίαν
2085 3451 2123 3526 είς
2141 3477 2171 3517 τε
2189 3452 2260 3516 cido

615 3588 682 3668 μίας
696 3582 743 3648 καὶ
757 3583 869 3655 πόνους·
884 3585 966 3664 συνῖμ
980 3581 1033 3665 γάρ
1046 3607 1092 3664 μοι
1105 3581 1240 3664 λογισμός,
1255 3581 1304 3647 οὐκ
1315 3582 1379 3646 οῖδα
1390 3580 1482 3646 πόθεν
1492 3578 1542 3664 τήν
1553 3579 1640 3664 ἀργήν
1649 3581 1753 3664 λαβών,
1768 3577 1830 3664 περὶ
1841 3579 1973 3644 θανάτου
1983 3579 2090 3653 πυκνὰς
2100 3580 2260 3662 ποιούμενος

615 3711 786 3794 ὑπομνήσεις,
797 3706 840 3774 ὅτι
854 3702 944 3794 deff)
960 3708 1062 3772 θανὼν
1076 3707 1125 3772 οὐκ
1139 3707 1200 3789 εἰμί,
1216 3704 1263 3770 καὶ
1275 3705 1340 3772 οὐδὲ
1352 3705 1457 3791 μνήμην
1471 3733 1513 3780 τις
1527 3707 1633 3790 ποιήσει
1645 3733 1698 3789 μου
1713 3703 1824 3790 uersi),
1838 3711 1888 3772 τοῦ
1902 3707 2018 3790 ἀπείρου
2030 3707 2130 3790 χρόνου
2144 3705 2259 3770 πάντων

616 3839 653 3904 τὰ
667 3839 763 3904 πάντα
777 3837 815 3910 είς
829 3834 920 3919 λήθην
930 3838 1074 3918 φέροντος·
1090 3835 1187 3916 ἔσομαι
1201 3831 1230 3898 δὲ
1244 3833 1293 3898 otia
1307 3831 1359 3906 civ,
1378 3833 1427 3897 οὐκ
1441 3831 1526 3907 ὄντας
1540 3833 1632 3908 εἰδοίς,
1653 3834 1685 3902 οδ
1700 3833 1852 3917 γινώσκων,
1868 3833 1900 3899 οὐ
1914 3833 2122 3917 γινωσκόμενος,
2141 3835 2174 3899 οὐ
2188 3859 2259 3916 γεγο

618 3965 678 4039 νοός,
693 3965 726 4032 οὐ
740 3964 877 4048 γινόμενος
884 3960 936 4047 ¹⁰)·
951 3959 999 4027 καί
1013 3959 1072 4045 ίίρα
1085 3957 1200 4045 πότεΗ)
1215 3961 1322 4044 γίγονεν
1336 3959 1352 4026 ὁ
1366 3958 1476 4043 κόσμος,
1492 3958 1540 4025 καί
1553 3959 1608 4044 πρὸ
1623 3965 1672 4026 τοῦ
1686 3963 1819 4044 γονίσθαι
1831 3963 1862 4026 τί
1874 3958 1978 4045 locist)
1994 3955 2034 4044 ήν.
2056 3962 2083 4026 εί
2095 3959 2149 4044 γοὶρ
2162 3955 2195 4044 lp
2207 3959 2258 4034 ἀεί,

670 4151 688 4218 ¹)
701 4151 744 4199 καὶ
756 4146 898 4213 iumine:
917 4147 958 4200 ita
976 4145 1060 4199 etiam
1072 4144 1220 4215 Epitome;
1237 4145 1321 4198 codd.
1333 4159 1400 4197 vero

616 4232 678 4287 Cot.
692 4239 720 4285 et
732 4231 782 4284 Dr.
793 4261 827 4270 -
839 4231 868 4284 in
885 4230 1070 4300 inscriptione
1087 4229 1228 4300 epistulae
1245 4227 1400 4283 Clementis

616 4319 653 4372 ad
665 4315 809 4371 iacobum
822 4345 852 4355 -
866 4315 1007 4368 omittunt.

666 4403 688 4472 ²)
706 4401 750 4454 lta
766 4399 851 4454 etiam
869 4417 941 4453 unus
959 4399 1022 4452 cod.
1039 4398 1201 4468 Epitomesq
1220 4403 1315 4452 textus
1332 4413 1399 4452 vero

615 4486 692 4556 Epic
703 4485 781 4556 apud
794 4483 856 4539 Cot.
867 4488 904 4553 τῷ
914 4483 961 4551 τήν
971 4483 1027 4554 Ἱιρ.
1036 4481 1079 4547 dy.
1091 4487 1142 4537 τῶν
1150 4487 1198 4554 Χρ.
1206 4485 1270 4536 dxxi.
1280 4487 1401 4537 διέποντι.

616 4571 706 4626 Codd.
721 4569 782 4624 Cot.
795 4575 824 4623 et
834 4569 883 4622 Dr.
897 4568 1031 4624 omittunt
1042 4575 1074 4621 tr.

666 4657 687 4728 ³)
703 4659 753 4708 τῶν
765 4657 935 4725 Χριστιανῶνι
951 4653 991 4707 ita
1010 4671 1072 4706 cum
1085 4654 1232 4724 Epitome3
1250 4655 1312 4709 cod.
1331 4671 1398 4708 vero

615 4743 677 4797 Cot.
698 4741 823 4809 Ἑνραίον
843 4737 961 4810 taboque
985 4739 1132 4806 articulo);
1157 4739 1220 4794 cod.
1241 4739 1290 4794 Dr.
1314 4739 1400 4808 plane

614 4828 732 4893 omittit,
746 4825 823 4897 quod
836 4825 911 4879 idern
921 4839 954 4876 ex
966 4823 1113 4892 Epitomea
1127 4823 1227 4880 codice
1240 4822 1399 4878 cotelerius

617 4911 773 4967 adnotavit.

664 5002 684 5062 ⁴)
697 4999 813 5066 Χριστοῦ
823 5011 916 5066 usque
927 4997 1071 5062 ἐκκλησίαις
1090 4993 1162 5047 haec
1174 5009 1237 5047 cnm
1250 4993 1398 5063 Epitome;

613 5082 643 5136 in
656 5079 718 5135 Cot.
731 5086 760 5134 et
771 5080 821 5134 Dr.
834 5079 983 5134 codicibus
997 5080 1108 5132 dosunt.

663 5167 685 5236 ⁵)
697 5165 777 5220 Haec
794 5183 910 5235 prorsus
928 5164 1101 5220 conveniunt
1117 5163 1214 5233 primis
1227 5163 1321 5218 verbis
1332 5163 1399 5234 Epi·

613 5259 720 5316 tomes3
732 5250 761 5303 in
770 5249 904 5304 Homiliis
916 5267 983 5304 vero
996 5248 1107 5304 initium
1119 5245 1153 5301 fit
1164 5247 1201 5302 ab
1208 5247 1272 5312 Ἔγώ
1280 5250 1398 5319 Κλήμης,

615 5335 727 5390 omissis
739 5335 889 5405 prioribus.

663 5425 682 5486 ⁸)
697 5419 788 5474 Cotsl.
807 5419 962 5488 δεδύνημαις
980 5417 1077 5473 Dress.
1095 5423 1191 5472 notat:
1209 5416 1398 5489 „Scripserim

615 5523 678 5560 oum
694 5504 830 5561 Ottobon.
850 5507 1029 5572 διδυννγμίνος,
1048 5505 1099 5559 sed
1118 5503 1277 5560 obstatura!
1296 5503 1401 5573 copula

1472 4145 1676 4212 praecedens.“
1694 4143 2258 4214 Epitconsentitinhacformadvrqocte,

1473 4229 1524 4282 sed
1537 4229 1650 4300 singula
1662 4229 1750 4284 verba
1762 4233 1863 4283 contra
1872 4229 2060 4284 Homiliarum
2073 4231 2135 4284 cod.
2149 4231 2190 4284 sic
2203 4229 2258 4283 col-

1471 4314 1568 4369 locata
1579 4314 1682 4368 habet:
1696 4317 1750 4368 dar.
1764 4315 1839 4380 ζήσαι
1851 4315 1992 4384 σσφρόνος.
2019 4313 2151 4368 Ceterum
2164 4313 2200 4368 ab
2213 4313 2257 4368 his

1472 4399 1539 4452 inde
1551 4398 1785 4468 verbiaEpitome
1798 4398 1920 4454 discedit
1929 4399 1966 4453 ab
1972 4399 2162 4454 Homiliarum
2170 4403 2258 4466 textu,

1471 4498 1595 4554 pergens
1605 4484 1729 4554 λογισμόν
1736 4504 1764 4537 τι
1775 4483 1913 4553 δεξάμενος
1923 4483 1969 4536 oria
1979 4483 2040 4540 olda
2048 4485 2137 4539 πόθεν
2145 4487 2258 4538 instori-

1472 4569 1560 4621 θόντα
1574 4589 1621 4638 μοι
1638 4573 1682 4622 καὶ
1697 4573 1758 4640 περὶ
1772 4571 1897 4623 θανάτοιν
1912 4569 2011 4629 πυκνὰς
2024 4570 2180 4639 ποιούμενον
2192 4569 2257 4622 dno-

1470 4653 1575 4722 μυήσεις
1579 4693 1587 4717 ,
1598 4653 1688 4714 πόνοις
1699 4654 1730 4709 τό
1743 4654 1834 4709 λοιπόν
1844 4659 1888 4709 καί
1899 4655 2029 4726 ἀθυμίαις
2040 4657 2148 4718 συνίζων
2159 4661 2212 4710 eto.

1534 4759 1553 4821 7)
1566 4755 1740 4830 Itauterqne
1751 4758 1841 4813 codex
1850 4763 1962 4826 noster3
1976 4756 2036 4812 Cot.
2045 4757 2256 4822 τιθαάποσχο-

1471 4841 1575 4908 λούσης.

1533 4947 1552 5008 ⁸)
1567 4941 1616 4998 sic
1627 4942 1692 4998 libri
1705 4945 1775 5012 mei3
1789 4941 1851 4999 coc
1864 4951 1893 5000 et
1903 4943 1952 5000 Dr.
1966 4945 2027 5014 ἄρα.

1533 5049 1553 5109 ⁹)
1566 5043 1650 5099 Hune
1661 5043 1726 5099 libri
1739 5051 1888 5100 accentum
1900 5045 2021 5114 habent3
2035 5065 2093 5102 non
2104 5047 2156 5115 μοίι
2167 5065 2239 5098 ποτε.

1524 5151 1553 5213 ¹⁰)
1566 5145 1629 5200 Ital.
1642 5163 1696 5201 om.
1708 5146 1740 5200 οὐ
1750 5169 1835 5212 γεγον.
1846 5147 1879 5200 ori
1889 5149 1972 5218 γινόμ.

1524 5245 1553 5306 ¹¹)
1565 5241 1610 5296 Ita
1621 5257 1719 5295 rursus
1732 5258 1795 5296 oum
1807 5241 1889 5296 libris
1902 5241 2018 5310 seripai3
2032 5239 2093 5294 Cot.
2104 5245 2133 5295 et
2144 5239 2194 5294 Dr.
2204 5231 2257 5310 δροί

1471 5345 1544 5379 mm.

1525 5423 1552 5482 ¹¹)
1565 5417 1741 5490 Sicuterque
1755 5425 1853 5474 noster
1862 5435 1926 5473 oum
1937 5416 2095 5486 Coteierio;
2105 5419 2172 5474 item
2181 5419 2256 5488 Epit.

1470 5509 1498 5558 τί
1507 5494 1560 5574 ἆρα
1571 5507 1614 5556 καλ
1625 5493 1664 5571 ήν.
1685 5502 1792 5559 Contra
1804 5503 1900 5558 Dress.
1912 5509 1941 5555 τί
1950 5507 2005 5561 itae
2016 5494 2054 5570 ήν.
