5244 6618
592 685 636 754 50

595 896 679 958 τοτ’·τυ
693 890 764 977 ἀρχῆ
781 892 884 976 γίνεται
896 895 947 958 τοό
959 897 1105 958 θεοόσθαι
1117 888 1165 956 καί
1179 890 1381 976 ἀγαθύνεσθαι

596 1030 656 1096 τοῖς
669 1020 829 1104 θεωμένοις
847 1016 896 1084 καί
914 1018 1142 1102 ἀγαθυνομεύοις,
1156 1017 1173 1085 ό
1186 1018 1280 1104 πάσης
1294 1020 1381 1106 ἀρχῆς

595 1145 762 1232 ὑπτίους
781 1143 829 1211 καί
850 1150 900 1229 τόν
919 1143 993 1214 εἴτε
1012 1145 1156 1231 λειονίτιι
1175 1147 1313 1232 θεότητος
1332 1145 1381 1214 καὶ

597 1273 777 1358 ἀγοθότητος
804 1272 845 1347 ιός
864 1275 1005 1360 θεαρχίας
1028 1271 1077 1340 καί
1102 1272 1286 1358 ἀγαθαρχίας
1307 1267 1381 1336 ἔστιν

595 1400 727 1466 ι’πεῖιεινα

658 1525 720 1592 Καὶ
734 1527 751 1594 ό
764 1527 883 1611 Νίσσης
901 1538 981 1602 θεῖος
993 1534 1026 1594 Γ
1021 1527 1145 1612 ρηγόριος
1158 1528 1197 1594 Εί
1207 1527 1246 1594 τά
1259 1527 1381 1611 κράτστα

596 1653 689 1730 αύτοιῖ,
703 1657 795 1738 φησίν,
810 1655 1021 1740 ίξερευνηθηναι
1034 1655 1067 1722 οό
1080 1655 1204 1731 δύναται,
1219 1653 1267 1720 καί
1279 1656 1310 1720 αἱ
1321 1651 1381 1720 ὁδοί

595 1780 644 1847 νόει
663 1782 874 1866 ε’ξιχνιάζονται,
895 1781 944 1847 καί
967 1782 984 1866 ἡ
1004 1788 1062 1848 τοῖν
1088 1783 1211 1868 ἀγαθοῖν
1231 1782 1381 1867 ε’παγγάία

595 1907 688 1992 πάσης
715 1907 869 1992 όπερκειται
896 1915 946 1994 τῆς
974 1909 1032 1976 ἀπό
1058 1915 1224 1996 στοχασμοῖν
1245 1909 1379 1984 είκασᾶῑθι

595 2035 677 2116 πόσῳ
697 2040 802 2120 μᾶλλον
820 2041 861 2100 τοῖ
879 2038 969 2120 μέτρῳ
986 2037 1062 2104 κατὰ
1079 2038 1113 2104 τό
1127 2035 1274 2122 ἀφραστόν
1287 2063 1318 2102 τε
1331 2033 1380 2102 καί

597 2163 831 2247 ἀπροσπελαστον
854 2163 914 2230 άνω
936 2162 995 2230 ε’στί
1012 2162 1061 2232 καί
1078 2163 1250 2248 ὑψηλότερον
1264 2164 1333 2232 αύτό
1346 2163 1380 2232 τό

596 2299 677 2356 θεῖον
691 2295 748 2355 τοῖν
761 2289 823 2374 περί
837 2291 907 2358 αἰτὸ
921 2292 1080 2376 νοουμένων.

654 2417 745 2484 Ἀλλά
772 2417 820 2484 καί
848 2418 864 2486 ό
892 2430 973 2494 θεῖος
995 2419 1125 2504 Ἰωάννης
1152 2418 1168 2486 ό
1190 2419 1379 2503 Δαμασκηνός

594 2545 679 2612 πόλιν
693 2546 722 2610 ἐν
735 2557 794 2620 τοῖς
807 2548 888 2630 ίεροῖς
899 2547 1007 2631 μελεσιν
1015 2544 1076 2614 Ἰνα
1087 2573 1138 2614 σου
1149 2547 1240 2630 δείξης
1251 2548 1382 2630 ε’μφανοῖς

595 2673 645 2756 τίην
659 2673 816 2757 ἀπόρρητον
829 2676 957 2758 δευτέραν
968 2675 1133 2760 κατάβασιν,
1148 2672 1226 2750 ὅπως
1237 2671 1381 2758 όόψιστος

595 2796 666 2873 θεός
679 2799 794 2884 όφθὴση
814 2799 901 2875 ἱστοῖς
920 2801 948 2866 ἐν
961 2803 1035 2885 με’σφ
1049 2807 1128 2868 θεοῖν
1141 2813 1201 2876 τοῖς
1214 2802 1381 2876 ἀποστόλοις

596 2926 625 2992 ἐν
642 2927 750 3011 Θαβοῖρ
766 2932 871 2992 Μωσεῖ
885 2928 935 2994 σύν
947 2928 1033 3014 Ἠλεῖε
1050 2955 1080 2994 τε
1099 2929 1226 3014 ἀρρίητως
1240 2931 1380 3013 θαμψας.

595 3051 643 3118 καί
662 3054 691 3118 ίν
710 3055 793 3137 ε’τερῳ
810 3056 884 3138 μελει
896 3053 959 3120 Καί
975 3056 1071 3140 μικρόν
1088 3055 1239 3139 ύποκύψας
1252 3061 1302 3140 τῆς
1315 3083 1381 3142 σαρ-

595 3181 644 3255 κός
658 3181 691 3248 τό
705 3179 870 3266 πρόσλημμα
887 3183 1090 3267 μετεμορφοίθη
1106 3184 1265 3268 ίγυτροσθεν
1279 3185 1380 3261 αότιῖν,

598 3307 738 3392 ι’μφαίνων
759 3313 808 3374 τού
830 3309 984 3393 ἀρχετύπου
1004 3309 1123 3385 κάλλους
1139 3311 1189 3396 τὴν
1210 3311 1381 3395 είπτρεῖτααν,

596 3433 645 3502 καί
669 3436 772 3518 ταύτην
799 3437 849 3519 οόχ
870 3435 1029 3521 ὁλόκληρον·
1058 3438 1091 3506 τό
1111 3440 1176 3522 μέν,
1197 3443 1381 3524 πληροφοροῖν

597 3563 699 3637 αύτούς
720 3559 781 3647 ἅμα
799 3561 847 3628 καί
864 3565 1022 3649 φειδόμενος
1038 3566 1075 3650 μή
1093 3591 1155 3640 πως
1173 3566 1223 3632 σόν
1236 3572 1270 3650 τῇ
1284 3565 1381 3650 ὁράσει

596 3688 644 3755 καί
665 3689 698 3757 τό
721 3695 768 3774 ζῖγν
786 3689 971 3768 άπολείτωσιν,
995 3693 1053 3758 ἀλλ’
1074 3693 1114 3768 οῖς
1131 3693 1265 3777 ἠδύναντο
1281 3705 1380 3778 χωρεῖν

594 3817 660 3890 τούς
673 3818 846 3901 σωματικοῖς
860 3818 1027 3904 ὀφθαλμούς
1039 3823 1237 3905 περιφεροντες.

656 3941 719 4010 Καὶ
740 3943 756 4010 ό
774 3945 861 4029 μίγας
877 3947 1021 4022 Διονύσιος
1040 3942 1126 4022 αόθις
1141 3947 1175 4016 Ὁ
1192 3959 1280 4026 θεῖος,
1302 3953 1379 4034 φησί,

594 4068 698 4154 γνόφος
718 4069 776 4136 ίοτί
797 4071 830 4138 τό
849 4071 1000 4156 ἀπρόσιτον
1022 4079 1098 4160 φοῖς,
1121 4071 1379 4158 ε’νῷκατουιεῖνὸ

594 4196 665 4270 θεὸς
678 4198 794 4282 λέγεται,
809 4196 857 4264 καί
871 4199 985 4283 ἀοράτῳ
997 4200 1055 4268 όντι
1071 4201 1117 4268 διά
1133 4202 1182 4288 τὴν
1194 4203 1380 4290 ὑπερέχουσαν

593 4323 741 4407 φανόνητα
763 4323 811 4390 καί
833 4327 976 4411 άπροσίτφ
995 4328 1026 4393 δι’
1050 4328 1201 4414 ι’περβολίμ
1218 4329 1380 4415 ύπερουσίου

591 4453 776 4534 φωτοχυσίας.
799 4453 848 4538 οόχ
870 4453 886 4518 ὁ
906 4453 978 4528 θεὸς
995 4455 1029 4519 δέ
1042 4481 1125 4539 φησιν
1143 4455 1159 4524 ό
1178 4457 1380 4543 Χρυοόστομος

593 4580 696 4662 πατήρ,
710 4577 768 4644 ἀλλ’
785 4579 802 4663 ἡ
815 4582 896 4666 χάρις
910 4582 1034 4668 ι’κχεῖται.

654 4705 730 4774 Ἐπεί
750 4706 780 4774 δὲ
797 4708 846 4774 τόν
865 4709 1080 4794 προσγενόμενον
1098 4709 1144 4778 ε’πὶ
1161 4717 1210 4796 τῆς
1229 4715 1380 4798 θειοτάτης

593 4838 694 4920 ν’κεόνης
715 4837 790 4912 θεάς
810 4847 869 4912 τοῖς
888 4837 1056 4912 ἀποστόλοις
1073 4837 1161 4924 φόβον
1178 4839 1279 4914 ἐκεῖνος
1293 4835 1379 4916 αόθις

591 4963 785 5049 προεβάλλετο,
800 4963 840 5038 οός
854 4964 959 5039 ἀτελεῖς
970 4961 1018 5030 καί
1029 4964 1071 5029 ἐπ’
1087 4964 1172 5049 αι’πης
1180 4965 1281 5048 ἐκείνης
1291 4969 1380 5044 δεῖξαι

591 5091 639 5158 διὰ
664 5091 762 5158 τούτου
785 5091 851 5165 τούς
873 5091 1061 5168 ἀποστόλους,
1086 5089 1135 5158 καί
1159 5091 1192 5160 τό
1212 5098 1275 5176 φοῖς
1296 5098 1379 5160 τούτο

589 5218 762 5304 χαμαίζηλου
779 5217 813 5286 τό
826 5223 977 5302 τηνικαῦτα
990 5219 1097 5293 τούτοις
1110 5217 1256 5303 ὁρεόμενον,
1272 5219 1288 5288 ό
1301 5220 1377 5288 θειό-

591 5371 677 5420 τατος
695 5342 743 5411 ιιαί
762 5343 885 5430 ἀοίδιμος
904 5344 1031 5431 βασθεός
1043 5342 1098 5412 όπό
1112 5349 1161 5412 τού
1175 5345 1299 5412 τοωύιου
1312 5347 1376 5415 τότε

589 5472 685 5556 φωτός
705 5471 820 5546 πάντως
840 5469 1051 5556 καταπασθεὶς
1070 5471 1120 5555 τὴν
1143 5471 1279 5548 διάνωαν,
1296 5470 1376 5540 Ἐστι

1447 885 1495 954 καί
1509 889 1606 976 φόβος,
1620 891 1704 968 εἶπεν,
1719 890 1752 957 ού
1766 895 1824 956 τοῖν
1838 891 2023 976 εἰσαγομένων
2037 890 2112 957 ἀλλά
2125 895 2182 958 τοῖν
2195 919 2236 958 τε·

1446 1012 2236 1103 Μαντεεῖνῦντσνὸτεονότιῐθοόθοενυόν

1447 1141 1533 1227 ἀγνός
1559 1145 1694 1228 διαμιίταν
1719 1147 1759 1221 τίς
1787 1147 1880 1210 αιόῖνα
1905 1146 2015 1220 αιὀῖνος.
2043 1143 2092 1212 καί
2113 1145 2237 1230 άλλαχοό

1446 1271 1532 1338 πάλιν
1553 1271 1707 1358 Φοβήθητε
1724 1271 1775 1340 τόν
1793 1272 1885 1357 κόριον
1897 1273 2003 1347 πάντες
2016 1274 2042 1338 οί
2056 1269 2128 1358 ἀγιοι
2142 1273 2235 1340 αότοό.

1447 1404 1544 1482 δεῖγμα
1562 1396 1592 1464 δὲ
1610 1405 1660 1465 τοῖ·
1673 1399 1710 1484 γε)
1724 1399 1774 1466 τόν
1786 1400 1964 1486 είσαγωγοιόν
1979 1401 2053 1466 ἀλλά
2067 1400 2117 1468 τόν
2134 1401 2236 1468 vam

1448 1525 1517 1610 ἔχειν
1535 1526 1598 1593 τότε
1615 1527 1704 1612 φόβον
1718 1527 1784 1602 τούς
1797 1527 1980 1602 ἀποστόλους,
1994 1528 2028 1594 τό
2043 1532 2130 1611 ζητεῖν
2143 1555 2234 1614 παρα-

1446 1654 1534 1736 μένειν
1553 1651 1598 1720 ἀεί
1616 1658 1657 1734 τιγῖ
1676 1654 1826 1738 ἀπορρύτφ
1844 1655 1937 1736 ε’κείνφ
1950 1656 2087 1738 θεάματι·
2107 1656 2234 1739 Ποιήσω-

1446 1807 1496 1864 μεν
1517 1781 1571 1866 γάρ
1592 1775 1647 1846 ὦδε
1667 1779 1735 1866 φησί
1756 1793 1828 1866 τρεῖς
1842 1784 1958 1866 στυγνός,
1979 1785 2032 1848 καί
2041 1783 2141 1850 Καλόν
2161 1784 2234 1850 ἐστιν

1446 1907 1520 1993 ἡμᾶς
1545 1903 1600 1974 οῖδε
1621 1911 1699 1974 εἶναι.
1722 1907 1739 1975 ό
1760 1909 1815 1994 γάρ
1836 1911 1928 1994 ἕτερον
1949 1910 2054 1993 τρόπον
2076 1911 2126 1980 τόν
2146 1912 2234 1997 φόβον

1447 2035 1517 2120 ἔχων
1526 2035 1575 2102 ἀπ’
1585 2036 1688 2102 ἐκείνου
1697 2046 1885 2120 προθυμεῖται
1895 2037 2002 2122 φεύγειν
2012 2037 2029 2103 ὃ
2039 2035 2087 2103 καί
2098 2047 2233 2124 φοβεῖται.

1447 2163 1559 2247 Πίερος
1583 2160 1613 2228 δὲ
1637 2163 1655 2247 η
1677 2166 1818 2248 κορυφαία
1839 2169 1897 2230 τοῖν
1919 2162 2085 2232 ἀποστόλων
2105 2165 2232 2250 ἀκρότης,

1445 2291 1563 2372 νομότας
1592 2291 1642 2358 τόν
1666 2291 1880 2376 διαοτηματικόν
1906 2297 2004 2358 τοῦτον
2028 2290 2077 2358 καί
2096 2319 2232 2378 παιερασ-

1446 2417 1527 2501 μόνον
1549 2418 1641 2484 αἰῶνα
1661 2425 1868 2504 παραρρυηναι,
1889 2420 1938 2488 τόν
1960 2419 1990 2486 δὲ
2011 2419 2182 2488 ἀδιάστατόν
2202 2447 2233 2486 τε

1447 2541 1496 2612 καί
1511 2543 1629 2630 ἄληκτον
1646 2551 1696 2612 τοό
1709 2547 1805 2630 φωτός
1819 2548 1920 2612 ἐκεῖνον
1934 2548 2111 2633 ἐπιφανῆναι,
2133 2549 2233 2616 Καλόν

1449 2673 1522 2740 ίστιν
1537 2673 1610 2758 νἠμάς
1628 2669 1683 2740 οόδε
1696 2676 1782 2750 εἶναι,
1811 2673 1870 2742 ἀπό
1894 2676 2051 2750 διαθέσεως
2071 2681 2120 2759 τῆς
2140 2681 2234 2760 ψυχῆς

1449 2801 1639 2875 ίνθεαστικοῖς
1657 2802 1752 2886 firm.
1772 2803 1857 2868 ε’κεῖνο
1875 2801 1930 2886 γάρ
1944 2802 2059 2877 πάντως
2072 2803 2142 2868 εἶδεν
2154 2802 2171 2870 ό
2185 2803 2234 2870 οόκ

1449 2927 1485 2994 ἀν
1502 2928 1617 3004 πάντως
1635 2929 1802 3013 ἀνθρωπίνη
1821 2930 1902 3014 φύσις
1920 2929 1990 3013 ὁρᾶν
2004 2933 2143 3014 δυνηθείη,
2158 2931 2185 2996 εί
2194 2930 2231 3014 μη

1447 3056 1519 3140 πρός
1539 3055 1589 3140 τὴν
1610 3061 1660 3122 τού
1678 3055 1758 3141 ἀγίου
1776 3056 1931 3140 πνεύματος
1947 3057 2028 3141 χάριν
2047 3057 2232 3142 ἀνακραθείη.

1447 3183 1581 3250 τοσούτω
1595 3181 1649 3268 γάρ
1662 3183 1757 3250 ε’κεῖνοι
1770 3184 1834 3251 τότε
1847 3184 2018 3268 ηξωίθησαν,
2033 3183 2107 3252 ’ὅσον
2121 3185 2233 3268 ἀνθρω

1447 3313 1512 3393 πίνη
1533 3310 1615 3394 φύσις
1635 3311 1782 3396 χωρήσειεν
1803 3309 1840 3376 ἀν
1864 3314 2057 3396 συναιρομίνου
2079 3311 2166 3395 ταύτη
2185 3317 2234 3378 τοιῖ

1447 3436 1612 3520 πνεύματος.

1512 3563 1620 3648 Μηδεὶς
1634 3564 1664 3630 δὲ
1677 3565 1753 3650 ημοῖν
1768 3567 1890 3642 ἀκούων,
1913 3559 1999 3639 αόθις
2015 3567 2090 3632 εἶπεν
2103 3566 2120 3634 ό
2133 3565 2181 3632 καί
2195 3568 2233 3634 τὰ

1447 3701 1517 3758 θεῖα
1535 3691 1625 3777 σοφὸς
1641 3693 1778 3778 βασιλεύς,
1797 3693 1898 3777 ἐφόσον
1916 3693 1988 3766 είκός
2002 3693 2187 3775 ν’ξυμνούντων
2201 3695 2234 3762 τό

1447 3819 1598 3886 θειότατον
1617 3820 1702 3886 ε’κεῖνο
1719 3826 1793 3904 φοῖς,
1813 3819 1863 3904 τὴν
1880 3827 1930 3888 τοῦ
1948 3825 2019 3886 θεοῦ
2031 3819 2113 3903 φύσιν
2126 3820 2234 3905 θεατὴν

1446 3948 1531 4032 λίγειν
1549 3947 1623 4031 ημάς
1641 3946 1868 4033 όπολαμβανετω.
1888 3949 1915 4013 εί
1927 3947 1981 4032 γάρ
1995 3945 2043 4012 καί
2056 3947 2127 4030 πρὸς
2140 3953 2233 4014 τοσού·

1446 4101 1496 4141 τον
1520 4071 1597 4158 ύιμος
1622 4078 1749 4159 θεωρίας
1776 4074 1947 4158 ἀνέδραμον,
1974 4074 2056 4158 χάριν
2077 4071 2124 4140 καί
2149 4075 2235 4153 δόξαν

1446 4203 1518 4268 εἶδον
1539 4203 1624 4269 θείαν
1648 4202 1706 4270 ἀλλ’
1728 4201 1761 4267 ού
1778 4199 1828 4285 τὴν
1846 4201 1928 4285 φύσιν
1947 4200 2032 4285 αύτίγν
2046 4201 2096 4285 την
2108 4207 2235 4286 χορηγού-

1446 4355 1501 4396 σαν
1514 4329 1564 4414 τὴν
1576 4328 1666 4413 χάριν.
1681 4327 1729 4394 καί
1743 4329 1797 4413 γάρ
1812 4326 1887 4412 ότμεν
1898 4328 2000 4410 εῖιεινην
2010 4326 2065 4394 ύπό
2079 4333 2136 4392 τοῖν
2147 4330 2235 4394 θείων

1445 4460 1544 4541 λογίων
1557 4456 1716 4540 μιγωημίνοι
1730 4456 1886 4538 ἀμίθωιτον
1904 4453 2028 4538 ἄληστα
2047 4455 2170 4538 ἀόρατον
2187 4452 2235 4522 καί

1447 4584 1546 4658 αόταῖς
1567 4593 1631 4656 ταῖς
1650 4581 1842 4665 όπερκοσμύκς
1854 4579 1903 4646 καί
1921 4581 2059 4648 ἀνωτάτω
2081 4581 2234 4666 δυνάμεσιν,
2298 4581 2301 4588 ’

1446 4710 1486 4786 οός
1499 4711 1555 4777 οἶδ’
1572 4709 1647 4794 ίχνος
1660 4707 1732 4782 όλως
1743 4707 1931 4793 καταλήψεως
1944 4705 1998 4774 κάν
2009 4708 2094 4792 ψιλόν
2106 4720 2165 4782 τοῖς
2175 4708 2232 4792 μετ’

1447 4837 1533 4922 αότὴν
1546 4837 1775 4920 καταλείψασαν·
1789 4832 1847 4902 ίπεί
1858 4833 1906 4902 καί
1914 4841 1946 4899 Γ
1941 4833 2099 4920 ρηγορίωνό
2112 4841 2234 4920 θεολογι-

1445 4965 1580 5040 κοίτατος,
1596 4965 1668 5030 ἔστιν
1682 4961 1703 5030 οἳ
1717 4967 1773 5029 τοῖν
1787 4966 1965 5047 προφητυιοῖν
1978 4961 2135 5045 θεαμάτων
2149 4988 2234 5028 κατα-

1445 5093 1529 5169 λέξας
1542 5091 1685 5176 πρότερον,
1704 5093 1803 5174 ἐφεξῆς
1820 5089 1908 5164 εόθός
1925 5090 2068 5174 ἐπήνεγκεν
2081 5089 2155 5154 Ἀλλ’
2172 5087 2235 5156 οιῖτι

1445 5212 2236 5302 ούτοιπερίοῖνύλόγος,ούτετιςάλλοςτοῖνκατά

1443 5345 1557 5419 τούτους
1578 5346 1642 5427 ἔστη
1658 5345 1686 5409 ε’ν
1700 5343 1873 5428 ίποστήματι
1886 5341 1935 5408 καὶ
1948 5342 2030 5426 οόσίᾳ
2043 5343 2144 5426 κυρίου,
2158 5341 2235 5408 κατά

1443 5471 1476 5544 τὸ
1490 5472 1674 5557 γεγραμμεύον
1685 5467 1757 5538 Οόδό
1771 5474 1842 5536 θεοῦ
1856 5469 1938 5554 φύσιν
1952 5467 1968 5552 ἢ
1983 5469 2053 5535 εἶδεν
2066 5466 2084 5552 ἢ
2098 5468 2235 5554 ἐξηγόρευ-
