5244 6618
1029 749 1209 814 CODICES
1232 751 1400 814 GRAECI.
2020 751 2041 816 3

388 955 567 1040 pertinent;
590 952 703 1018 115154
718 951 868 1018 51155155
883 951 1106 1040 apostolorum
1123 950 1166 1038 (2,
1182 951 1297 1017 6-17.
1315 950 1365 1036 13,
1380 951 1516 1017 39-46.
1531 951 1583 1036 26,
1600 951 1713 1016 7-18.
1730 953 1780 1035 28,
1796 951 1941 1040 8-17.),
1961 953 1981 1016 2
1997 954 2041 1019 ad

388 1079 483 1146 Pauli
498 1077 654 1168 epistulas
672 1077 704 1165 (1
716 1077 792 1144 (151.
811 1079 859 1162 15,
875 1078 1012 1162 53-16,
1028 1079 1056 1142 9.
1074 1080 1137 1144 Τ11.
1155 1083 1183 1162 1,
1202 1078 1331 1166 1-13).
1368 1077 1492 1144 Τ5111ι15
1509 1079 1623 1166 quavis
1638 1080 1760 1167 pagina
1775 1078 1903 1144 duabus
1918 1079 2039 1146 colum·

388 1209 439 1272 nis
456 1208 597 1294 scriptus
613 1214 679 1290 est,
708 1206 854 1292 exceptis
878 1205 964 1271 foliis
989 1205 1116 1271 duobus
1140 1217 1222 1292 quae
1245 1229 1344 1271 unam
1365 1214 1490 1272 tantum
1506 1207 1692 1271 continuam
1707 1206 1891 1272 columnam
1907 1205 2036 1274 habent.

387 1333 552 1400 Versuum
566 1356 721 1398 numerus
736 1334 856 1416 variat3
873 1334 998 1419 passim
1012 1332 1054 1398 29
1067 1333 1284 1415 inveniuntur,
1301 1332 1402 1398 semel
1414 1354 1479 1398 non
1492 1332 1566 1420 plus
1583 1355 1680 1418 quam
1696 1332 1745 1397 18.
1764 1331 1910 1399 Maxima
1921 1334 2038 1400 551551

386 1461 538 1526 foliorum
553 1483 631 1547 pars
647 1459 778 1525 saeculo
794 1461 905 1546 quinto
922 1460 1139 1526 adscribenda
1154 1470 1219 1544 est3
1243 1460 1309 1526 alia
1321 1459 1492 1544 nonnulla,
1512 1482 1651 1547 quorum
1672 1460 1835 1548 scriptura
1854 1461 1967 1526 similis
1987 1475 2037 1528 ost

387 1587 580 1672 fragmentis
593 1587 837 1672 evangeliorum
851 1587 942 1672 siglis
952 1586 1028 1652 ΙΝΓ
1038 1589 1189 1672 insigniri
1203 1587 1316 1671 solitis,
1327 1587 1370 1654 ad
1382 1596 1511 1652 sextum
1523 1589 1686 1674 pertinere
1699 1587 1866 1672 1111551111,
1880 1587 1944 1654 duo
1957 1613 2036 1656 vero

387 1723 535 1779 actorum
559 1713 651 1797 lolia,
680 1736 762 1800 quae
784 1723 909 1779 textum
932 1715 1045 1800 quavis
1068 1716 1189 1802 pagina
1208 1716 1397 1780 continuum
1417 1736 1477 1778 nec
1499 1737 1635 1802 prorsus
1656 1715 1726 1780 sine
1749 1714 1938 1781 accentibus
1960 1739 2035 1783 con-

388 1843 545 1928 scriptum
561 1840 725 1924 exhibent,
741 1841 820 1906 item
834 1842 965 1906 tertium
980 1851 1126 1906 actorum
1141 1841 1254 1908 folium
1269 1841 1389 1907 unciali
1404 1841 1592 1907 charactere
1608 1840 1750 1928 oblongo
1766 1843 1922 1929 scriptum
1938 1847 2035 1932 septi-

387 1991 475 2034 mum
492 1968 657 2034 saeculum
672 1969 824 2056 produnt.
874 1967 1092 2033 Nihilominus
1109 1969 1222 2034 dubito
1238 1993 1281 2035 an
1297 1968 1426 2054 singula
1440 1969 1535 2053 folia,
1561 1969 1625 2033 nisi
1640 1969 1725 2034 forte
1740 1971 1805 2034 tria
1819 1969 1874 2034 illa
1889 1980 2036 2036 actorum

386 2094 466 2160 folia
484 2098 667 2182 exceperis,
686 2097 790 2183 ipsius
804 2103 915 2162 textus
934 2095 1079 2161 bonitate
1100 2095 1260 2162 differant.
1306 2094 1524 2162 Consentiunt
1547 2089 1656 2162 autem
1675 2097 1758 2162 haec
1777 2097 1961 2182 fragmenta
1978 2121 2035 2185 pa·

386 2221 556 2310 limpsesta
570 2245 643 2288 cum
654 2221 821 2290 codicibus
829 2223 916 2288 Novi
924 2223 1125 2288 Testamenti
1140 2224 1373 2310 antiquissimis
1390 2234 1423 2288 et
1438 2221 1789 2290 celeberrimisABCD
1803 2233 1983 2310 tantopere,
1999 2235 2036 2290 ut

386 2348 516 2415 illorum
534 2351 569 2414 15
583 2373 753 2414 numerum
769 2359 802 2415 51
820 2351 894 2437 ipsa
911 2350 1101 2437 recipienda
1119 2352 1193 2416 sint.
1239 2349 1338 2431 Quod
1352 2351 1395 2416 ad
1409 2373 1515 2438 pauca
1535 2351 1618 2415 hacc
1634 2349 1785 2436 exempla
1801 2352 1881 2416 satis
1896 2351 2035 2418 iudicari

385 2478 516 2564 poterit.
533 2477 549 2541 1
563 2475 639 2542 Cor.
654 2478 703 2560 15,
712 2475 848 2559 54-16,
863 2477 893 2544 7.
906 2477 1099 2542 5551115551
1112 2501 1143 2541 v.
1156 2477 1207 2544 54.
1215 2477 1389 2543 lectionem
1399 2477 1548 2543 codicum
1559 2475 1639 2542 AO*
1653 2479 1702 2542 17.
1715 2477 1764 2563 τὴν
1776 2478 1944 2544 ἀθανασίαν
1949 2507 1960 2554 ,·
1974 2477 2033 2543 ibi·

386 2604 460 2669 dem
477 2605 627 2670 omittunt
642 2626 716 2668 cum
725 2601 773 2667 C*
784 2601 834 2668 64.
845 2605 895 2669 71.
910 2606 943 2672 τὸ
957 2605 1092 2690 φθαρτὸν
1105 2611 1188 2673 τοῦτο
1202 2607 1345 2690 actem
1359 2605 1490 2688 ἀρθαρσ.
1505 2607 1567 2682 sat,⁸
1582 2615 1632 2670 ter
1647 2606 1853 2670 consentiunt
1868 2628 1941 2670 cum
1949 2605 2034 2670 BD*

385 2733 525 2797 formam
543 2759 629 2805 νεικος
648 2729 887 2796 exhibentibus.
933 2729 1007 2812 Qua
1023 2753 1096 2797 cum
1111 2734 1217 2798 forma
1232 2730 1478 2819 componendae
1493 2741 1569 2797 sunt
1583 2731 1704 2798 similes
1720 2755 1780 2819 per
1794 2732 1855 2796 hos
1870 2755 1985 2797 versus
2000 2735 2034 2797 in

386 2858 458 2924 cod.
470 2857 619 2945 palimps.
635 2867 748 2923 nostro
766 2859 906 2946 scriptae
921 2871 1071 2944 γεινεσθαι,
1088 2887 1301 2945 αρωτακεινρτοι,
1315 2865 1432 2945 laycae,
1446 2885 1584 2943 515555.
1607 2859 1715 2923 Versu
1722 2858 1773 2922 55.
1789 2869 1864 2933 νῖκος
1878 2867 1911 2923 51
1924 2861 2034 2946 κέντρον

356 2960 361 2973 ¹
385 2985 499 3050 eodem
520 2984 633 3050 ordine
653 2983 812 3050 collocata
831 2985 929 3051 habet
948 3008 1012 3073 quo
1031 2985 1091 3051 Bc
1113 2987 1163 3052 17.
1183 2987 1235 3051 64.
1256 2989 1305 3053 71.
1310 3039 1319 3071 ,
1342 2989 1421 3052 1155
1439 2985 1491 3051 515
1510 2983 1609 3051 habet
1626 2986 1740 3051 θάνατε
1759 3008 1834 3050 555
1847 2984 2033 3051 BODEFG

383 3112 434 3176 39.
457 3111 552 3176 67.**
602 3113 710 3177 Versu
732 3112 762 3176 2.
788 3111 961 3178 1551155515
989 3114 1134 3200 σαββάτου
1160 3137 1235 3178 cum
1257 3111 1473 3179 ABCDEFG
1497 3114 1546 3178 17.
1572 3113 1643 3176 109.
1673 3109 1720 3196 (15
1743 3111 1904 3201 margine)
1933 3123 2032 3198 15551,

383 3237 506 3304 ibidem
530 3261 604 3302 cum
626 3237 696 3304 solo
715 3239 744 3303 B
767 3239 866 3305 habet
886 3239 930 3306 ὅτι
952 3241 1010 3316 lats,
1034 3250 1066 3305 et
1087 3241 1216 3326 εὐοδωθῇ
1231 3264 1305 3306 555
1320 3238 1414 3304 ΑΟΚ
1429 3249 1461 3305 51
1479 3241 1616 3306 minusc.
1636 3238 1731 3305 codd.
1752 3239 1884 3326 aliquot.
1927 3241 2032 3306 Porro

383 3365 554 3431 confirmat
573 3364 731 3430 lectiones
755 3365 803 3442 οὓς
822 3367 879 3442 ἐάν,
902 3365 981 3444 ἄξιον
998 3363 1024 3451 ᾖ,
1047 3369 1148 3446 ilaris
1167 3369 1229 3453 γάρ,
1252 3369 1395 3453 ἐπιτρέψῃ,
1419 3390 1499 3455 quas
1518 3367 1666 3455 plerique
1687 3366 1782 3433 codd
1798 3367 1943 3433 unciales
1959 3393 2032 3434 cum

382 3491 529 3578 pluribus
549 3491 621 3558 aliis
639 3502 780 3558 tuentur.
824 3495 1000 3559 Praeterea
1020 3518 1048 3558 v.
1064 3494 1115 3558 53.
1135 3495 1185 3580 τὴν
1199 3495 1368 3561 ἀθανασίαν
1387 3494 1476 3560 solus
1495 3493 1608 3578 habet,
1628 3493 1663 3558 id
1678 3493 1767 3580 quod
1781 3491 1865 3560 bene
1881 3498 2033 3561 convenit

383 3641 456 3684 cum
483 3619 598 3684 eadem
625 3619 765 3685 lectione
794 3643 824 3682 v.
847 3621 897 3685 54.
923 3621 1019 3688 simul
1040 3622 1075 3687 in
1097 3621 1192 3686 codd.
1214 3619 1300 3686 Ac*
1322 3623 1464 3688 inventa.
1516 3620 1625 3687 Versu
1646 3621 1696 3686 58.
1720 3619 1820 3686 115551
1841 3622 1910 3706 ἔργῳ
1931 3627 2031 3706 κυρίου,

382 3745 558 3812 accedente
586 3769 651 3811 uno
680 3746 751 3812 cod.
777 3747 846 3812 109.
875 3749 930 3834 qui
956 3771 1031 3813 cum
1055 3747 1195 3812 testibus
1217 3747 1449 3813 Alexandrinis
1472 3749 1581 3814 facere
1606 3747 1698 3813 solet.
1749 3746 2032 3813 venustabat

380 3874 451 3958 πρὸς
467 3874 540 3959 ὑμᾶς
559 3874 612 3960 γάρ
632 3883 664 3938 51
682 3897 712 3937 v.
730 3873 758 3938 7.
778 3875 811 3940 οὐ
828 3876 908 3940 uelo
927 3879 968 3950 11,
993 3898 1130 3962 quarum
1147 3874 1324 3940 lectionum
1343 3883 1443 3940 testes
1463 3875 1609 3940 nondum
1623 3875 1761 3961 reperti,
1784 3883 1872 3939 55115
1886 3874 2031 3940 nondum

380 4001 483 4065 notati
504 4009 587 4065 sunt.
633 3999 726 4080 Quae
745 4021 823 4066 vero
843 4001 895 4066 his
909 4001 991 4066 locis
1006 4001 1162 4085 Paulinis,
1186 4001 1301 4068 eadem
1315 4003 1349 4066 15
1364 4001 1542 4088 evangeliis
1559 4002 1687 4066 stactis
1703 4001 1927 4086 apostolorum
1942 4003 2030 4068 codi-

381 4129 428 4191 cis
451 4127 654 4215 palimpsesti
675 4129 780 4192 nostri
801 4128 928 4194 indoles
952 4139 1011 4194 est.
1053 4129 1106 4194 Ita
1126 4129 1201 4196 Joh.
1224 4129 1275 4212 20,
1302 4129 1351 4193 18.
1376 4130 1546 4214 &multasse
1568 4128 1752 4210 confirmat,
1779 4128 1813 4192 in
1836 4127 1914 4194 solis
1936 4129 2030 4196 ABX

379 4256 563 4338 inventum,
586 4278 617 4318 v.
636 4255 685 4320 19.
705 4261 803 4340 τῇμιᾷ
826 4258 978 4342 σαββάτων
1000 4279 1074 4322 cum
1097 4257 1176 4322 solis
1198 4255 1287 4322 ABL
1311 4263 1344 4320 et
1364 4259 1498 4341 μαθηταί
1515 4255 1638 4342 absque
1660 4257 1818 4340 συνηγμένοι
1841 4279 1915 4320 cum
1934 4255 2028 4322 ABD

380 4379 516 4466 aliisque
530 4379 550 4444 3
565 4381 712 4464 minusc,
727 4405 759 4446 v.
776 4382 826 4446 20.
843 4384 942 4462 ἔδειξεν
957 4385 1052 4470 51515
1066 4389 1158 4469 aleva
1173 4385 1356 4459 5155155115
1372 4381 1450 4448 55115
1465 4379 1568 4446 ABD.
1614 4381 1722 4447 Versu
1736 4381 1786 4447 25.
1802 4383 2029 4450 auctoritatem

379 4519 478 4593 auget
492 4507 641 4573 lectionis
656 4511 743 4578 τόπον
756 4533 817 4598 pro
832 4511 931 4586 σίτων,
952 4533 1048 4597 quam
1064 4511 1214 4576 codicum
1229 4509 1405 4576 uncialium
1421 4509 1509 4576 solus
1524 4508 1692 4592 Α155151,
1713 4507 1772 4574 sed
1787 4509 1885 4574 ctiam
1899 4519 2029 4596 patrum

379 4645 412 4700 et
429 4637 617 4700 versionum
634 4637 822 4702 testimonia
841 4638 1079 4704 commendant.
1122 4637 1174 4704 Ita
1193 4639 1291 4703 ctiam
1310 4635 1644 4720 Μ51111.24,44-45.
1663 4635 1768 4701 tribus
1787 4634 1869 4700 locis
1891 4659 2029 4723 quorum

378 4759 475 4827 lectio
495 4761 631 4827 fluctuat
651 4785 725 4828 cum
744 4763 839 4830 codd.
859 4763 935 4848 BD,
955 4763 1062 4848 BDL,
1081 4763 1166 4830 BLA
1185 4766 1291 4852 iisque
1310 4765 1379 4831 fere
1400 4764 1479 4829 solis
1499 4765 1593 4847 faoit3
1616 4759 1856 4846 115551551ωῇ
1876 4763 1908 4830 οὐ
1925 4769 2028 4830 essese

377 4885 448 4974 ὥρᾳ,
472 4889 487 4954 ὁ
507 4889 597 4973 κύριος
616 4888 740 4977 absque
760 4891 854 4967 αὐτοῦ,
876 4894 1008 4966 51115555ι
1026 4914 1087 4978 pro
1106 4897 1272 4978 θεραπείας.
1313 4892 1492 4958 Ρ15515155
1510 4893 1545 4955 15
1559 4891 1706 4974 margine
1721 4898 1830 4955 textus
1847 4888 2027 4975 evangelici

378 5017 539 5082 sectiones
561 5013 798 5082 Ammonianae
824 5027 994 5102 notantur,
1022 5017 1082 5084 sed
1108 5021 1230 5106 pariter
1255 5028 1352 5106 atque
1375 5020 1410 5084 in
1432 5018 1547 5084 codice
1568 5017 1747 5104 Ephraemi
1769 5013 1843 5104 Syri
1866 5017 2025 5103 rescripto

377 5143 500 5230 absque
516 5141 695 5208 canonibus
710 5143 856 5210 Eusebii.

484 5268 625 5336 Codices
641 5270 727 5336 Novi
742 5271 943 5339 Testamenti
957 5274 1029 5360 pari
1043 5273 1112 5338 fere
1127 5282 1234 5339 aetate
1248 5272 1415 5359 hucusque
1431 5271 1641 5336 innotuerunt
1657 5271 1695 5334 11
1713 5267 1981 5355 (ABCDPQTZ,
1995 5269 2024 5334 E

376 5407 536 5480 actorum,
560 5397 593 5461 D
614 5407 646 5462 et
659 5397 692 5462 H
711 5420 784 5486 epp.
800 5395 923 5488 Paul),
948 5422 1085 5488 quorum
1103 5400 1125 5464 5
1144 5396 1326 5486 (PQTZH)
1346 5398 1505 5464 minorem
1524 5398 1716 5484 fragmentis
1731 5398 1851 5463 nostris
1867 5397 2024 5464 ambitum

376 5521 498 5589 habent
512 5533 544 5589 et
559 5535 711 5611 quattuor
726 5523 874 5614 (CPQZ)
890 5528 1013 5614 pariter
1029 5537 1104 5594 sunt
1117 5526 1329 5615 palimpsesti.
1377 5559 1390 5572 ·

1685 5645 1719 5694 ,ι
