5284 6620
780 916 850 982 Elz.

678 1047 806 1126 Σόεωττς

617 1169 664 1234 19.
677 1173 879 1255 ε’νθνμονμεῦον

1175 921 1258 988 eod.

1018 1053 1067 1114 τοῦ
1081 1051 1210 1133 Σᾲιωνος

1016 1180 1245 1260 διενθνμωμεῦον

664 1299 750 1362 ἐἶπεν
765 1299 889 1381 αὐτοῦτὸ
905 1327 950 1367 πν.
1015 1305 1090 1369 εἶπεν
1104 1305 1137 1370 τὸ
1151 1330 1198 1371 me.
1213 1305 1290 1370 αῦτιῦ

677 1425 776 1507 ἄνδρες
790 1439 862 1511 ταῖς

677 1555 801 1635 ζητοῦσιν

613 1675 663 1740 20.
675 1677 717 1743 ὅτι
731 1682 784 1764 ε’γιό

613 1801 662 1866 21.
676 1809 786 1890 Πέτρος

1018 1431 1190 1496 confirmat

1018 1563 1177 1642 ζττνῦνταιε
1192 1556 1265 1643 (⁸10)

1017 1685 1135 1750 omittit
1149 1687 1202 1771 ε’γό

1017 1811 1187 1878 confirmat

675 1933 740 2008 τοὺς
773 1936 871 2002 όπεστ.
904 1938 964 2004 ἀπό
993 1964 1016 2003 τ.

675 2069 762 2146 Κορν.
777 2087 823 2148 πρ.
839 2064 924 2130 αῦτόν

611 2183 661 2248 22.
673 2189 751 2253 εἷπον

611 2311 662 2376 23.
675 2313 692 2379 ό
706 2320 817 2400 Πίτρος

674 2448 724 2526 της
735 2443 849 2528 Ἰόππης

611 2567 662 2632 24.
673 2567 721 2635 καί
734 2574 769 2654 τῇ

675 2699 807 2782 εἰσῆλθον

673 2837 809 2910 συγγενεῖς
824 2827 910 2894 αῦτοῦ

610 2949 660 3015 25.
672 2954 808 3019 εἰσελθεῖν

610 3076 660 3143 26.
674 3079 758 3146 αῦτὸν
772 3081 874 3167 ἤγειρεν

673 3207 750 3292 κῦγιῦ
766 3210 851 3284 αὐτὸς

610 3331 661 3398 28.
673 3332 721 3399 ιιαί
735 3334 794 3418 ε’μοί

672 3460 689 3526 ό
700 3463 770 3537 θεὸς
784 3465 883 3542 όόειξεν

612 3587 662 3650 29.
673 3590 880 3678 ἀναντιῤῥὴτως

611 3716 663 3780 30.
675 3719 812 3802 νηστεῦων
826 3717 874 3784 καί

673 3845 787 3930 ε’ννότην
801 3847 878 3931 ὥραν

1017 2066 1135 2131 omittit

1018 2195 1099 2258 εἶπαν

1016 2321 1144 2395 ἀναστὰς

1013 2449 1134 2532 ’Ἰόππης
1149 2445 1226 2534 (sie)

1017 2581 1051 2659 τῆ
1066 2575 1095 2642 όί

1015 2705 1146 2786 εἰσῆλθεν

1016 2841 1152 2916 συγγενεῖς

1019 2963 1068 3022 τοῦ
1082 2961 1219 3024 εἰσελθεῖν

1017 3085 1119 3170 ἤγειρεν
1134 3087 1220 3151 αῦτὸν

1015 3241 1062 3278 και
1077 3241 1130 3298 εγω
1145 3241 1231 3287 αντος

1017 3344 1069 3406 καί
1077 3368 1122 3424 μοι

1015 3467 1187 3533 confirmat

1015 3596 1204 3680 ἀναντιρήτως

1016 3723 1135 3787 omittit

1017 3850 1116 3932 ε’νότην

611 3969 707 4046 32.ός
736 3972 921 4059 παραγενόγε”
935 3977 1014 4060 aab}

715 4127 757 4165 σει
770 4127 814 4166 σοι

612 4227 663 4291 33.
676 4229 898 4312 παραγενόμενος

672 4354 729 4421 ὑπὸ
742 4360 792 4420 τοῦ
802 4359 874 4421 θεοῦ

608 4481 659 4544 34.
683 4484 716 4547 τὸ
729 4483 821 4565 στόμα

608 4608 659 4672 36.
672 4608 705 4674 ὃν
720 4610 878 4675 ἀπεῦτειλεν

608 4737 658 4802 37.
671 4737 826 4820 ἀρξάμενον

608 4865 660 4929 38.
674 4871 707 4930 Ν
707 4867 810 4948 αζαρότ

608 4991 746 5074 39νίνεῐε
760 4995 839 5075 νινε

672 5147 705 5183 (W

673 5247 783 5311 ἀνεῖλον

609 5374 659 5438 42.
673 5373 757 5446 αὐτὸς

609 5500 659 5562 44.
673 5504 803 5564 ἐπέπεσεν

1015 4104 1133 4167 omittit

1015 4231 1242 4315 παραγενόμενος

1013 4356 1070 4423 ῦπὸ
1083 4361 1157 4422 θεοῦ

1016 4483 1187 4548 confirmat

1017 4611 1174 4675 ἀπόστειλον

1015 4735 1186 4800 confirmat

1015 4863 1186 4928 confirmat

1014 4989 1090 5074 ἡμεῖς

1014 5145 1046 5182 04¹
1061 5144 1107 5182 καί

1016 5246 1133 5310 ἀνεῖλαν

1016 5369 1186 5435 confirmat

1016 5495 1186 5562 confirmat

1614 924 1687 991 Elz.
2014 924 2094 992 Ood.

1447 1049 1499 1115 45.
1511 1049 1572 1118 ὅσοι
1853 1052 2023 1118 confirmat

1511 1183 1561 1244 τοῦ
1575 1178 1655 1265 ἁγίου
1669 1181 1825 1264 πνεύματος
1852 1179 2022 1246 confirmat

1447 1304 1498 1368 46.
1511 1305 1528 1371 ό
1543 1309 1654 1392 Πότρος
1853 1310 1963 1391 Πέτρος

1446 1431 1499 1497 47.
1510 1439 1632 1500 κωλῦσαι
1646 1435 1769 1501 όῦναταί
1777 1461 1819 1510 τις
1854 1435 1947 1500 aim.
1964 1441 2029 1500 ιιωλ.
2042 1461 2083 1508 τις

1510 1561 1612 1636 καθὼς
1851 1561 1890 1636 ὡς
2006 1585 2008 1592 ’

1447 1687 1497 1754 48.
1510 1714 1540 1753 τε
1852 1689 1883 1754 δὲ

1509 1821 1647 1902 βαπτισθ.
1662 1819 1691 1883 ἐν
1705 1821 1745 1898 τοῦ
1761 1817 1881 1901 όνόαίν
1900 1820 1941 1896 τῷ
1959 1817 2034 1899 ονόμ
2053 1841 2077 1880 τ.
2096 1843 2152 1899 ιινρ.
2167 1817 2257 1899 ’Ἰησοῦ

1510 1945 1666 2028 νοῦιοριῦν
1895 1947 2020 2026 Χριστοῦ
2045 1937 2175 2028 (εεό**
2191 1963 2254 2008 om.

1893 2070 1958 2153 Ἰνσ-
1975 2071 2045 2154 Xe)
2061 2077 2199 2156 βων·

1533 2197 1592 2262 XI.

1468 2322 1617 2390 2Mffl
1850 2323 1944 2388 ΜΠ

1507 2451 1682 2536 Ἱεενσόλνια
1850 2449 2028 2536 ‘stomin‘

1468 2579 1498 2646 3.
1510 2580 1580 2664 πρὸς
1595 2580 1673 2665 όνῦρ.
1688 2581 1784 2668 ἰιιιροβ.
1852 2579 1982 2662 εἰσῆλθες
1995 2605 2041 2661 πρ.
2061 2578 2138 2662 όνόρ.
2159 2579 2256 2663 ἀεροβ.

1510 2709 1597 2791 ἔχοντ.
1618 2710 1749 2791 εἰσῆλθες
1895 2706 1982 2788 ἔχοντ.

1468 2835 1499 2901 4.
1511 2835 1528 2900 ὁ
1543 2837 1654 2919 Πέτρος
1852 2835 1962 2916 Πέτρος

1468 2961 1498 3028 5.
1510 2969 1682 3048 καταβαῖνον
1693 2966 1790 3039 σκεῦός
1797 2989 1823 3030 τι
1851 2959 1949 3033 σκεῦός
1956 2985 1982 3024 τι
1993 2961 2171 3044 καταβαίνων
2179 2956 2255 3042 (sio)

1510 3090 1589 3175 ἄγρη
1854 3085 2024 3150 confirmat

1469 3217 1497 3283 7.
1510 3218 1616 3303 ἥκουσα
1631 3217 1661 3282 δὲ
1850 3212 1956 3296 ἤκουσα
1971 3211 2000 3278 δὲ
2014 3211 2061 3278 nai

1852 3341 1932 3404 κενὸν
1953 3337 2044 3423 (item
2066 3349 2143 3426 post
2165 3340 2257 3412 τόνου,

1894 3465 2105 3552 similiterque
2119 3463 2211 3550 alibi)

1467 3595 1497 3656 9.
1509 3593 1650 3674 ἀπεκρίθη
1665 3593 1699 3656 θό
1707 3617 1754 3673 μοι
1850 3594 1991 3677 ἄπαιρε-’θη
2006 3593 2036 3658 δὲ

1507 3718 1586 3804 φωνίγ
1601 3719 1631 3783 εἰι
1645 3721 1769 3800 &emim
1851 3717 2022 3783 confirmat

1508 3845 1678 3930 ἐκαθάρισεν

1448 3973 1496 4038 10.
1510 3973 1593 4039 πόλιν
1608 3971 1779 4054 ἀνεσπάσθη
1852 3973 2023 4054 ἀνεσπάσθη
2037 3973 2119 4038 πόλιν

1448 4100 1497 4166 12.
1508 4127 1554 4182 μοι
1568 4099 1601 4165 τὸ
1615 4101 1722 4180 πνεῦμα
1849 4099 1882 4164 τὸ
1896 4099 2005 4181 πνεῦμά
2018 4125 2064 4180 μοι

1509 4227 1604 4300 αὐτοῖς
1629 4223 1712 4308 μηδὲν
1731 4231 1828 4307 όιακρι-
1849 4226 1943 4300 αῦτοῖς
1970 4225 2052 4309 μηδὲν
2080 4229 2180 4307 όιαιρί-

1549 4353 1661 4434 νόμενον
1890 4378 1979 4418 ναντα

1447 4480 1495 4544 13.
1505 4506 1536 4544 τε
1850 4471 1879 4544 όί

1507 4605 1623 4671 εἰπόντα
1638 4605 1715 4684 αῦτῷ
1849 4605 1963 4670 εἰπόντα

1467 3339 1497 3402 8.
1520 3342 1579 3402 πᾶν
1593 3337 1682 3402 κοινὸν

1851 3849 2013 3926 ἰκαθὲρισεν

1506 4733 1619 4815 Ἰόππην
1634 4731 1739 4814 ἄνδρας
1848 4731 1960 4814 Ἰόππην

1446 4859 1495 4925 16.
1507 4862 1598 4943 ιωρίον
1849 4863 1898 4924 τοῦ
1913 4862 2004 4942 ιινρίοιι

1447 4985 1496 5050 17.
1508 4986 1562 5070 ε’γόι
1578 4983 1607 5049 δί
1621 4988 1663 5056 τό,1
1850 4986 1903 5070 ε’γὼ
1921 4981 1997 5068 (sic)

1447 5111 1496 5178 18.
1509 5113 1640 5188 ἐδόξαζον
1850 5112 1987 5189 ἐδόξασαν

1509 5238 1568 5320 ἄρα
1582 5263 1611 5322 γε
1849 5237 1907 5320 ἆρα

1508 5367 1607 5429 ἰόωιιεν
1621 5366 1661 5436 εἰς
1675 5363 1745 5446 ζωὴν
1848 5365 1888 5436 εἰς
1896 5363 1966 5446 ζωὴν
1981 5365 2082 5428 ἔδωκεν

1447 5493 1495 5555 19.
1508 5487 1553 5555 ἐπὶ
1567 5491 1706 5574 Στεφάνῳ
1850 5489 2020 5552 confirmat
