5244 6618
713 887 842 972 sputos
860 886 926 954 όσον

712 1005 909 1090 δεάφορότερσν

659 1147 691 1193 10
714 1151 773 1207 παρ
788 1131 896 1198 αντοῦς
914 1122 961 1190 καὶ

712 1243 909 1326 κληρονόμηκεν

712 1361 800 1444 ὄνομα
815 1364 873 1445 πίνη
888 1361 943 1447 γάρ

712 1479 787 1546 εἶπεν
801 1477 869 1546 ποτὲ
883 1487 940 1546 τῶν

713 1601 843 1685 αηηᾱῶν·
860 1593 958 1683 ἶιςμον

661 1743 691 1788 11
712 1721 740 1784 εἶ
750 1719 791 1785 σὺ·
824 1719 877 1804 r'yoi
892 1719 958 1802 σημε

712 1865 761 1921 ρον
774 1837 919 1922 γεγέννηκά

712 1981 750 2023 σε·
768 1954 816 2021 καὶ
830 1956 928 2037 πάλην·
947 1955 961 2019 ε’

711 2103 751 2160 ηω
766 2075 845 2158 ἔσομε
860 2074 937 2140 αὐτοῦ

712 2195 751 2268 είς
765 2187 824 2277 πρά
838 2190 886 2258 καὶ
901 2191 985 2266 αὐτός
1027 2226 1032 2240 ·

657 2336 690 2382 20
712 2314 772 2379 ἕστε
786 2339 832 2396 μοι
846 2314 884 2386 εἰς
896 2303 928 2378 ov
942 2311 959 2380 ὅ

712 2460 766 2498 ταν
780 2439 809 2496 ds
824 2431 916 2514 πάλην
930 2431 956 2496 εί

711 2551 820 2636 σαγάηη
834 2549 884 2618 τόν
898 2576 954 2634 προ

711 2671 826 2736 τότοκον
840 2671 878 2742 εἰς
892 2667 942 2752 τὴν

1283 879 1358 952 νιν-α’·
1376 884 1423 952 καὶ
1437 886 1501 961 τοὺς
1514 892 1553 952 tu

1283 1011 1413 1090 τοῦρησος
1427 1005 1513 1070 citor]

1284 1125 1371 1208 noste
1385 1123 1477 1208 νὶόνν

1283 1243 1354 1326 πρὸς
1369 1241 1398 1308 di
1412 1243 1461 1310 τὸν
1473 1237 1536 1310 md

1283 1361 1389 1444 θρόνος
1402 1387 1452 1427 σον
1466 1362 1481 1428 ό
1493 1355 1536 1437 d}
1550 1363 1588 1435 εἰς

1285 1481 1334 1547 τόν
1350 1479 1441 1546 αι’ὥνα
1456 1509 1505 1548 τον

1283 1599 1391 1672 αιόόνος·
1409 1599 1513 1685 ράβόος

1282 1719 1434 1801 εὐθύτητος
1447 1719 1463 1804 ἡ
1477 1719 1515 1802 ρά

1281 1843 1348 1922 βόος
1361 1843 1410 1920 της
1424 1839 1534 1922 βασιίεί

1284 1983 1319 2030 ας
1333 1981 1383 2020 σον
1397 1955 1544 2040 ἠγάπησας

1283 2071 1454 2157 δικαίόσόιην
1468 2101 1515 2139 και

1284 2191 1423 2276 ἐμησησας
1437 2193 1524 2276 άνομί

1283 2339 1319 2376 αν
1333 2309 1380 2377 sict
1395 2312 1483 2377 τοίπω

1282 2431 1393 2516 ἕχρησίν
1407 2456 1438 2496 σε
1452 2431 1468 2498 ὁ
1483 2423 1527 2506 ii}

1281 2549 1297 2616 ό
1311 2543 1355 2623 d}
1365 2575 1416 2615 σον
1430 2550 1521 2616 ἔλαιον

1283 2667 1467 2752 όηαίόιάσεος
1481 2695 1524 2734 πα

1854 895 1884 953 de
1898 888 2032 972 διάμίνης·

1832 1003 1895 1072 Καὶ
1909 1008 2012 1080 πάντες
2025 1007 2065 1080 ὥς

1853 1126 1961 1208 ἱμάτιον
1975 1132 2047 1191 araia

1853 1244 1991 1328 οθὴσοντε
2006 1242 2054 1308 καὶ

1854 1363 1905 1446 dor}
1920 1363 2076 1447 περιβόλεον

1854 1481 1943 1564 εἎίξης
1953 1480 2058 1554 ‘aimoin

1854 1597 1901 1664 καὶ
1917 1601 2066 1684 αίόαμσον

1853 1744 1908 1784 ται·
1924 1715 1968 1783 ooi
1983 1725 2012 1782 όε
2027 1717 2042 1784 ό
2058 1713 2094 1783 ai

1853 1865 1901 1910 τος
1915 1835 1943 1900 ii
1952 1833 1999 1901 καί
2014 1863 2051 1901 πα
2066 1837 2082 1900 ἕ

1853 1983 1886 2038 τη
1901 1982 1959 2021 σον·
1978 1955 2053 2020 orius

1852 2075 2005 2157 αληψοοσι.Ι
2029 2109 2071 2117 -

657 2811 691 2858 tt
712 2789 868 2871 οἰκονμάην
882 2789 917 2851 λε’
1280 2813 1319 2870 ρα
1333 2787 1397 2860 τοὺς
1409 2787 1526 2872 μετόχον

711 2938 756 3005 G:
780 2938 894 3004 folium
915 2961 1016 3003 unum
1036 2937 1071 3002 in
1091 2938 1132 3002 4⁰
1138 2987 1147 3021 ,
1170 2938 1387 3024 fragmentum
1410 2937 1485 3004 libri
1506 2937 1659 3026 liturgici.
1708 2937 1877 3026 Scriptura
1899 2937 2018 3002 decimi
2039 2937 2108 3003 fere
2131 2937 2254 3004 caecidi

605 3077 735 3156 practer
749 3065 861 3131 titulos
877 3064 994 3130 rubros
1008 3087 1144 3152 prorsus
1161 3067 1306 3150 evanuit3
1328 3065 1458 3132 videtur
1472 3065 1662 3132 membrana
1677 3067 1849 3153 spongiam
1865 3063 1992 3130 subisse
2007 3074 2043 3128 ut
2057 3065 2253 3131 rescribere·

604 3206 667 3261 tur.
713 3192 877 3258 Chemicis
898 3191 1051 3257 adhibitis
1071 3191 1153 3258 haec
1171 3193 1250 3278 legi:
1273 3194 1450 3278 καθαρότητι
1469 3197 1586 3278 καρδίας
1603 3187 1895 3281 ἱεροπρεπῶς[σ]ποόώ
1914 3193 2069 3277 εὐξάμενος
2087 3191 2134 3259 καὶ
2149 3220 2253 3278 παρρη-

605 3327 670 3390 σιάν
685 3326 754 3409 ἔχων
769 3321 840 3406 πρὸς
853 3311 902 3385 di·
919 3320 1059 3405 πρεσβεύει
1072 3326 1203 3405 σωθῆναι
1217 3319 1270 3396 τάς
1283 3321 1393 3406 ψοχάςε

713 3447 802 3513 God.
827 3447 953 3512 Tisoh.
977 3445 1050 3512 VH.
1103 3445 1219 3512 Codex
1241 3457 1292 3512 est
1313 3447 1504 3512 chartaceus
1527 3445 1681 3512 foliorum
1703 3445 1745 3513 33
1767 3449 1802 3512 in
1824 3447 1881 3532 4⁰,
1903 3444 1945 3512 ab
1970 3445 2100 3510 homine
2124 3445 2251 3512 Graeco

606 3577 713 3664 quarti
732 3575 850 3640 decimi
870 3573 992 3639 saeculi
1012 3575 1163 3662 scriptus.
1207 3573 1376 3663 Scriptura
1391 3574 1565 3639 admodum
1582 3574 1695 3640 similis
1713 3583 1763 3640 est
1778 3575 1949 3661 specimini
1964 3597 1984 3638 a
1997 3573 2252 3639 Montefalconio

604 3703 776 3790 Palaeogr.
794 3700 851 3766 Gr.
873 3725 905 3788 p.
920 3703 992 3766 320.
1015 3725 1102 3766 num.
1118 3701 1174 3766 IV.
1198 3723 1239 3766 ex
1261 3701 1375 3768 codice
1392 3699 1485 3767 Colb.
1501 3702 1573 3785 845,
1597 3703 1649 3766 eui
1669 3725 1773 3766 annus
1795 3699 1919 3766 Christi
1937 3701 2026 3766 1272.
2048 3699 2252 3788 subscriptus

605 3841 665 3916 est,
685 3829 840 3895 exhibite.
886 3827 1039 3894 Continet
1057 3827 1184 3895 libellos
1204 3831 1314 3894 varios
1333 3829 1499 3912 Aristidis,
1519 3828 1696 3913 Plutarchi,
1714 3827 1856 3911 Libanii,
1876 3827 2054 3916 Nicephori
2073 3825 2252 3914 Gregorae.

604 3957 785 4023 Fol.1-5.
805 3955 925 4040 legitur
944 3957 1098 4040 άριστείόον
1116 3957 1300 4041 πανηγυρικὸς
1318 3959 1347 4022 ἐν
1366 3960 1465 4034 κυζίκω
1484 3953 1547 4041 περὶ
1565 3962 1614 4023 τοῦ
1631 3962 1709 4022 ναοῦ.
1748 3953 1858 4021 Ἀπασι
1876 3955 1925 4039 μὲν
1943 3955 1983 4029 ὡς
2002 3955 2055 4040 ἐγώ
2073 3957 2173 4038 νομίζω
2188 3983 2253 4040 προ·

604 4086 703 4170 φάσεις
722 4081 816 4150 ἱκαναὶ
833 4089 882 4149 τοῦ
900 4085 983 4168 λέγειν
1002 4105 1106 4169 usque
1124 4081 1172 4149 καὶ
1191 4082 1258 4158 ι’σως
1275 4085 1392 4167 μετρίως
1411 4084 1464 4168 ἔχει
1505 4083 1568 4147 Est
1586 4083 1685 4168 igitur
1699 4084 1828 4168 integra
1843 4083 1947 4147 oratio
1964 4103 2045 4168 quae
2060 4083 2095 4147 in
2110 4081 2252 4149 editione

604 4209 769 4277 Dindorfii
783 4209 875 4297 Lips.
893 4209 984 4275 1829.
999 4209 1060 4274 vol.
1076 4211 1104 4274 1.
1120 4233 1194 4296 pag.
1210 4209 1272 4272 382
1288 4231 1357 4296 sqq.
1373 4209 1500 4296 legitur.
1546 4209 1733 4297 Specimins
1746 4209 1895 4274 lectionis
1913 4209 2035 4274 codicis
2051 4211 2155 4274 nostri
2169 4207 2253 4275 haec

606 4347 695 4404 sunt:
718 4337 791 4420 236,
806 4337 836 4400 2.
855 4338 888 4403 τό
906 4363 936 4402 τε
950 4337 980 4401 3.
1000 4349 1118 4402 ποιεῖται
1136 4337 1166 4401 4.
1187 4335 1246 4420 ε’μσὶ
1264 4335 1294 4402 di
1311 4337 1433 4420 μάλιστα
1451 4339 1481 4401 9.
1500 4338 1553 4403 κάν
1574 4349 1632 4411 τοῖς
1652 4345 1684 4400 61
1702 4341 1825 4403 όσκοῖσι·
1846 4336 1883 4420 μίη
1902 4334 1944 4402 ὅτι
1966 4335 2014 4400 15.
2035 4339 2121 4402 nuth
2139 4338 2252 4421 παράχει

606 4465 656 4531 16.
672 4465 850 4549 πολλαχόθεν
865 4464 937 4547 237,
957 4464 986 4527 5.
1006 4463 1037 4528 τὲ
1055 4464 1141 4547 ἀρχῆς
1163 4465 1223 4548 ἀρξ.
1242 4461 1290 4529 καὶ
1308 4465 1347 4538 είς
1364 4469 1464 4530 τοιοῐπ.
1481 4462 1511 4529 zi
1525 4461 1586 4548 ἅμα
1599 4463 1648 4530 τὸν
1663 4465 1713 4530 σι’κ.
1729 4463 2119 4548 61τηνθε1νιναότηςεόθός
2135 4463 2163 4527 7.
2178 4461 2252 4530 οὗτοι

606 4602 638 4658 61
657 4603 771 4659 καθιστ.
791 4589 820 4656 di
838 4592 877 4664 εἰς
897 4590 946 4653 11.
967 4589 1101 4656 ἁπάντων
1120 4589 1221 4657 οόποτε
1237 4594 1374 4658 όείπουσιν
1391 4591 1439 4654 12.
1455 4590 1535 4675 οὔρια
1550 4600 1583 4654 61
1598 4592 1707 4675 ε’φίντες
1723 4589 1771 4654 15.
1787 4591 1976 4674 πελσπονησον
1993 4589 2041 4654 16.
2057 4585 2074 4676 ἦ
2088 4615 2142 4656 πον
2157 4617 2187 4674 γε
2200 4589 2250 4656 17.

604 4719 675 4804 πρὸς
688 4719 738 4804 την
752 4717 817 4784 εἴσω
831 4718 882 4782 20.
898 4719 1062 4802 κατείληφεν
1077 4717 1148 4800 238,
1165 4717 1194 4781 2.
1210 4721 1335 4802 πλωιμον
1350 4727 1382 4782 61
1395 4717 1525 4802 μήκιστον
1539 4745 1569 4802 ηε
1582 4715 1630 4783 καὶ
1642 4745 1706 4802 χορ.
1722 4719 1751 4780 4.
1769 4717 1839 4802 aricii
1855 4717 2086 4802 61πεπ1ηρωκεν.

710 4844 782 4916 Fol.
802 4843 896 4910 5-7.
928 4845 1111 4930 αι’ποκράτσρι
1136 4848 1249 4929 καίσαρι
1269 4845 1368 4929 μάρκω
1390 4845 1510 4928 adnutat)
1526 4845 1667 4910 dormaton
1689 4850 1830 4929 σεβασνώ·
1860 4841 1908 4909 καὶ
1930 4845 2115 4930 αὐτοκράτορι
2137 4847 2251 4928 καίσαρι

603 4976 703 5041 amah
726 4973 845 5058 αὐρηλίω
868 4971 977 5057 κσμόόω
998 4977 1135 5056 σεβαστιό,
1158 4969 1247 5045 adcor
1269 4972 1423 5056 ἀριστείδης
1442 4973 1555 5055 χαίρειν.
1602 4971 1675 5036 Hac
1694 4971 1906 5057 inscriptione
1925 4971 2115 5058 praeposita
2135 4971 2252 5057 incipit

604 5109 712 5165 textus
730 5099 874 5184 Πρότερον
896 5096 944 5182 μὲν
965 5093 988 5163 oi
1010 5099 1154 5165 ossismos
1174 5103 1295 5184 βασιλεῖς
1317 5095 2145 5184 6111111111·ἅιαωςιικαὶῆιούοὲπώκοιίἳιῆαιισεν.
2187 5097 2252 5162 Est

604 5225 733 5311 ἐπιστολὴ
752 5223 814 5310 περὶ
828 5225 956 5310 Σμύρνης
975 5223 1064 5313 apud
1078 5223 1286 5290 Dindorfium
1305 5223 1361 5290 11.
1381 5247 1414 5312 p.
1431 5225 1493 5290 762
1508 5247 1578 5311 sqq.
1598 5225 1670 5308 512,
1686 5227 1715 5291 8.
1736 5224 1856 5310 legitur
1874 5227 1971 5310 ἑτέραν
1990 5225 2005 5293 ὁ
2020 5228 2126 5310 dadam
2140 5223 2252 5292 ε1όπό

603 5363 686 5419 θεσιν
705 5353 789 5418 ἔδωκε
803 5352 832 5416 9.
852 5351 997 5438 ἡγεμονίαις
1014 5353 1226 5436 ἕηκαλλώπισμα
1246 5353 1295 5416 11.
1314 5381 1357 5418 τοι
1373 5353 1421 5416 12.
1443 5353 1504 5418 αιέί.
1547 5352 1586 5416 111
1600 5351 1665 5416 11116
1680 5350 1800 5438 legitur
1813 5352 2020 5438 σογηνοίσεσθε·
2036 5351 2087 5418 olo*
2103 5349 2145 5420 ia
2159 5351 2252 5417 ποόλά

604 5505 647 5546 τοι
661 5478 709 5546 καὶ
723 5479 804 5564 παρά
818 5478 867 5564 τὴν
882 5487 942 5544 616.
