5244 6618
404 903 453 972 καί
473 910 693 990 κατωιροδιῦμεν
715 916 774 980 τοῖς
795 904 942 990 κωιλοφόσι
966 910 1061 980 κακῶς
1079 904 1117 972 τά
1134 905 1194 990 ήμί

405 1059 483 1118 τερα,
511 1029 560 1098 καλ
588 1031 635 1098 διὰ
662 1031 728 1106 τοῦς
751 1031 979 1117 ὑποκρινομένους
1000 1033 1030 1098 ἐν
1050 1031 1141 1117 λόγοις
1161 1031 1195 1100 τό

405 1157 580 1246 εἰσεβίςτοῦν
591 1158 680 1234 όντως
687 1160 807 1246 εὐσεβῶν
817 1158 894 1244 ἡμεῖς
901 1159 1068 1244 ἀποστολμεν
1076 1167 1195 1245 φρονοίη·

408 1286 501 1372 ἀπαγε
523 1293 573 1372 τῆς
592 1289 735 1372 αἰσχίστης
753 1288 945 1372 κακοβουλίας.
961 1286 1020 1352 ἀλλ’
1037 1287 1128 1372 ἐπειδή
1142 1313 1195 1354 πα-

408 1415 545 1498 ρόαιλητον
559 1417 655 1500 ίχομετ
668 1413 739 1498 πρός
752 1413 802 1481 τόν
815 1416 934 1498 ποτερα,
951 1414 1057 1498 Ἰησοῦν
1071 1414 1197 1500 Χριστόν

411 1544 523 1618 δόιαιον,
542 1538 591 1608 καί
605 1542 690 1616 αἰπός
704 1543 821 1626 ίλασμός
835 1543 893 1608 ίστι
906 1541 968 1625 περὶ
982 1549 1039 1610 τών
1054 1541 1198 1626 ἀμαρτιοῦν

408 1667 494 1754 ήμιῦν,
514 1669 571 1754 μετ’
589 1669 699 1744 ἐλπίδος
713 1669 939 1754 ε’πικαλεσόμεθα
952 1669 985 1736 τό
1000 1669 1090 1754 όνομα
1103 1670 1198 1745 αότοῦ,

407 1793 455 1862 καί
476 1799 616 1880 σωτηρίας
641 1797 742 1882 ἰκτῆς
766 1797 896 1882 τοιαότης
922 1797 1088 1882 ἐπικλήσεως
1108 1795 1198 1874 w&

405 1933 493 2008 μεθα,
515 1924 591 1990 κατά
611 1924 645 1990 τό
667 1926 805 2010 εἰρημένον
825 1924 880 1991 όπό
902 1929 951 1992 τοῦ
971 1925 1116 2010 προφήτου
1134 1921 1197 1990 Καὶ

408 2051 486 2117 ἔσται
510 2057 570 2126 τοῖς
594 2050 627 2126 ὃς
654 2050 691 2118 ἀν
717 2052 912 2136 ίπικαλεσιμαι
935 2051 967 2119 τό
993 2051 1082 2135 όνομα
1104 2055 1198 2136 κυρίου

408 2178 577 2264 σωθήσεται.
598 2177 648 2246 καί
670 2179 814 2264 ἐπειδήπερ
836 2179 886 2246 οῦιι
905 2180 978 2246 ίστιν
996 2177 1086 2263 όνομα
1105 2177 1197 2263 ἕτερον

406 2305 439 2373 τό
453 2307 596 2390 δεδομένον
610 2308 639 2372 ἰν
655 2307 820 2392 ἀνθρώποις
833 2307 863 2372 ίν
877 2301 900 2388 ᾦ
916 2313 961 2372 δεῖ
971 2311 1103 2391 σωθῆναι
1113 2306 1195 2390 ἡμᾶς,

406 2430 454 2498 καί
478 2431 565 2506 οἰδείς
587 2433 704 2501 δῦναται
725 2436 810 2500 εἰπεῖν
832 2435 923 2518 κόριον
944 2434 1049 2518 Ἰησοῦν
1069 2433 1196 2518 Χριστόν

407 2561 433 2624 εἰ
451 2559 489 2644 μή
508 2561 537 2625 ἰν
556 2560 691 2644 πνεόματι
709 2559 788 2646 ἁγίῳ,
810 2560 859 2628 καί
878 2561 907 2626 ἰν
924 2567 965 2643 τῷ
980 2561 1095 2645 ὀνόματι
1106 2561 1197 2646 Ἰησοῦ

407 2691 533 2770 Χριστοῦ
547 2692 606 2752 πᾶν
620 2689 685 2772 γόνυ
697 2688 805 2774 κόμψει
819 2689 991 2774 ἰπουρανάων
1008 2687 1056 2755 καί
1071 2689 1196 2773 ἐπιγείων

407 2811 455 2878 καί
482 2817 690 2898 καταχθονίων,
719 2817 856 2900 μακάρως
881 2815 897 2884 ό
919 2818 967 2884 διά
987 2823 1037 2900 τῆς
1059 2819 1195 2900 δαμετιοῦς

405 2941 516 3024 μελίνης
536 2945 586 3007 τοῦ
607 2944 795 3028 πολυυμνήτου
816 2944 915 3012 τοῦτον
936 2944 1074 3027 ὀνόματος
1092 2944 1195 3008 ἔνοικον

406 3067 476 3151 ἔχων
490 3068 519 3132 ἰν
533 3069 625 3150 ἑαυτοῦ
639 3069 688 3136 τόν
702 3071 780 3138 θεόν.
795 3074 835 3146 εἰς
847 3073 940 3138 αιόῦνα
950 3072 1004 3157 γάρ
1016 3097 1099 3156 φησιν
1111 3071 1195 3156 ἀγαλ-

407 3193 560 3270 λιάσονται,
574 3193 622 3262 καί
636 3199 859 3281 κατασκηνώσεις
873 3200 903 3264 ἰν
917 3200 1020 3274 αἰετοῖς,
1035 3196 1083 3264 καί
1096 3197 1195 3282 καυχή-

407 3347 504 3388 σονται
523 3323 553 3388 ἐν
571 3321 615 3390 σοί
634 3326 660 3390 οἱ
679 3325 844 3411 ἀγαπῶντες
860 3326 893 3395 τό
908 3325 997 3410 όνομά
1011 3353 1071 3394 σου.
1093 3325 1193 3400 ποῦςδ

407 3448 455 3514 οῦκ
475 3447 511 3516 ἀν
531 3452 634 3534 γίνοιτο
652 3451 809 3538 πνεῦματος
824 3453 904 3540 ἁγίου
917 3455 1021 3538 πλήρης
1035 3454 1051 3520 ό
1066 3451 1099 3520 τό
1113 3463 1195 3519 θεῖον

406 3581 487 3642 τοῦτο
506 3575 554 3642 καί
572 3575 841 3666 όπερδεδοξασμεῦον
860 3580 949 3666 όνομα
968 3583 1090 3666 κατέχειν
1110 3581 1139 3646 ίν
1159 3607 1193 3664 τη

406 3705 506 3788 καρδίᾳ
528 3706 653 3772 σπεόδων
674 3706 777 3792 ἡμέρας
798 3706 846 3774 καί
863 3709 968 3784 νυκτός,
986 3713 1036 3774 τοῦ
1058 3711 1151 3793 κυρίου
1165 3709 1194 3773 ἰν

407 3829 569 3916 εόαγγελιλιις
590 3834 717 3918 λίγοντος
738 3832 780 3901 ότι
801 3835 883 3902 δώσει
903 3841 1012 3919 πνεῦμα
1034 3833 1113 3921 ἀγιον
1136 3847 1195 3910 τοῖς

408 3957 529 4024 αἰτοῦσιν
544 3959 629 4028 αἰτόν
642 3959 746 4046 ἡμέρας
760 3960 808 4027 καί
822 3963 927 4038 νυκτός.

467 4084 609 4170 Ἀνεφόυη
623 4082 671 4154 οῦν
684 4086 733 4154 καί
747 4089 910 4174 ἀπηλέγχθη
926 4090 956 4155 ἔκ
969 4090 1075 4156 τοίτων
1086 4089 1102 4156 ό
1115 4097 1193 4176 Βαρ

406 4210 484 4294 λαάμ
496 4214 669 4298 βλασφήμοις
683 4213 731 4281 καί
743 4217 904 4295 κακοδόξως
916 4221 1011 4282 λαλοῦν
1025 4220 1091 4302 περί
1101 4243 1132 4284 τε
1143 4223 1193 4284 τοῦ

406 4338 434 4403 ἰν
454 4343 495 4420 τῷ
520 4343 663 4425 Θαβιορίφ
690 4345 772 4408 θείου
793 4343 890 4428 φωτός
908 4341 957 4410 καί
978 4339 1018 4409 ών
1038 4345 1114 4410 κατά
1135 4349 1193 4411 τών

389 4457 533 4551 μοναχών
553 4465 615 4551 περί
636 4473 685 4552 τῆς
704 4471 889 4554 γαλετωμενης
910 4471 1005 4545 αῦτοῖς
1025 4469 1074 4537 καί
1090 4497 1192 4556 προφε-

404 4593 518 4676 ρυμίνης
546 4599 654 4680 συχυώς
683 4597 760 4680 ἱερός
785 4597 864 4682 ώχῆς
888 4598 1083 4683 συνεγρόφετο.
1108 4601 1135 4665 οἱ
1161 4597 1192 4664 δὲ

403 4717 519 4804 μοναχοί
548 4721 758 4805 ἀπεδείχθησαν
786 4723 920 4808 ἀνώτερα
946 4731 997 4810 τῆς
1023 4728 1191 4810 κατηγορίας

404 4844 490 4912 αιἰτοῦ
511 4847 551 4921 ώς
569 4851 727 4933 στεργοντες
746 4849 793 4916 καί
808 4853 967 4936 ε’μμίνοντες
979 4863 1043 4926 ταῖς
1056 4851 1118 4936 περὶ
1132 4852 1190 4919 τοῦ

403 4995 459 5036 των
472 4979 529 5038 τών
544 4973 630 5059 ἀγίων
644 4979 775 5061 πατίρων
794 4978 933 5063 ε’ξηγήσεσι
946 4978 994 5046 καί
1008 4979 1189 5065 παραδόσεσι,

402 5099 505 5174 καθώς
517 5099 565 5166 καὶ
580 5101 659 5170 αιίτοί
678 5105 814 5189 ἀριδήλως
828 5107 1034 5190 διωμολόγησαν
1047 5103 1095 5172 καί
1110 5112 1190 5191 διεβε·

399 5225 567 5308 βαιώσαντο.

461 5351 562 5420 Ἐνθίν
575 5383 619 5422 τοι
632 5356 680 5422 καί
693 5365 768 5442 κοινή
787 5365 912 5443 σινοδική
927 5361 1016 5444 ψήφῳ
1030 5355 1081 5425 ἅτε
1094 5365 1189 5434 κακῶς

402 5475 449 5542 καί
468 5479 629 5564 ε’πισφυλιῦς
646 5497 705 5560 τοῖς
723 5489 812 5561 θείοις
827 5487 966 5571 ε’πιβαλιίιν
980 5485 996 5552 ὁ
1011 5485 1096 5560 αότός
1109 5492 1188 5571 3⁴¹0·

2013 694 2056 762 53

1261 901 1341 986 λαάμ
1367 902 1407 977 ώς
1427 900 1532 987 εἴρηται
1553 905 1804 987 καταψηφισθεις,
1830 902 1989 988 συγγνώμην
2008 899 2055 968 ίπί

1262 1030 1369 1105 τοότας
1391 1035 1478 1115 δῆθεν
1500 1030 1638 1114 ήτήσατο·
1663 1027 1712 1096 καί
1733 1035 1798 1115 γοῦν
1821 1030 2053 1115 ἀποφαινόμεθα,

1263 1157 1303 1232 τός
1323 1159 1350 1224 εἰ
1370 1156 1419 1242 μὲν
1441 1158 1590 1236 ε’νδειἙεται
1609 1157 1729 1241 ἀληθοῦς
1747 1156 1898 1241 μετάνοιαν
1916 1155 1964 1224 καί
1984 1165 2054 1242 διορ-

1264 1285 1393 1352 θώσεται
1410 1285 1519 1362 ἑαυτόν,
1540 1283 1588 1351 καί
1606 1285 1736 1368 οὐδαμοῖς
1750 1284 1840 1352 οόκίτι
1853 1282 1916 1369 περὶ
1929 1290 1986 1352 τών
2000 1311 2053 1352 τοι·

1264 1413 1353 1480 οότων
1371 1413 1457 1498 λόγων
1475 1409 1523 1478 καί
1540 1411 1765 1498 συγγραψάμενος
1782 1414 1946 1497 φωραθείη,
1968 1408 1998 1480 εῦ
2017 1412 2054 1480 ἀν

1265 1542 1333 1626 ἔχοι·
1348 1541 1375 1606 εἰ
1388 1540 1411 1606 δ
1428 1535 1489 1616 οῦν,
1511 1540 1701 1625 ἀποκήρυκτος
1715 1539 1794 1606 ἔσται
1807 1539 1855 1606 καί
1869 1540 2053 1624 ἀποτετμημί

1265 1695 1313 1743 νος
1333 1673 1383 1752 τῆς
1403 1667 1487 1754 ἀγίας
1499 1673 1549 1736 τοῦ
1562 1672 1690 1751 Χριστοῦ
1703 1673 1858 1752 καθολιιιής
1871 1665 1918 1734 καί
1933 1668 2053 1735 ἀποστο

1264 1801 1340 1880 λικής
1352 1796 1497 1878 ἰιοιλησίας
1510 1793 1558 1862 καί
1571 1800 1621 1862 τοῦ
1634 1795 1792 1879 όρθοδόξου
1805 1800 1863 1862 τών
1873 1800 2053 1880 Χριστιανῶν

1264 1921 1448 2008 συστήματος.
1474 1923 1548 1990 ἀλλά
1573 1921 1622 1988 καί
1646 1921 1676 1989 εί
1696 1951 1738 1997 τις
1763 1923 1855 2008 ἕτερος
1880 1921 1907 1990 τί
1927 1928 1984 1988 τών
2004 1921 2049 1990 ῦιί

1265 2053 1368 2118 ἐκείνου
1380 2051 1552 2137 βλασφήμως
1569 2049 1618 2118 καί
1635 2051 1796 2128 κακοδόξως
1809 2050 1886 2116 κατὰ
1899 2055 1956 2116 τών
1968 2078 2052 2134 μονα-

1262 2183 1330 2264 χοῦν,
1349 2183 1454 2262 μαλλον
1473 2176 1504 2244 δί
1521 2184 1571 2262 τῆς
1584 2179 1728 2262 ἰκκλησάις
1742 2177 1827 2262 αἰντής
1840 2175 2052 2262 λαληθότωνή

1263 2307 1476 2390 συγγραφόντων
1496 2309 1596 2390 φανείη
1613 2306 1697 2372 πόλιν
1714 2311 1771 2372 τοῦν
1788 2311 1920 2392 μοναχοῦν
1937 2332 2052 2391 κατηγο-

1263 2439 1320 2518 ροῦν
1334 2432 1351 2518 ἢ
1366 2431 1438 2508 όλως
1451 2434 1557 2500 τοότων
1572 2435 1669 2508 ἕντοῖς
1680 2433 1813 2508 ταοῦτοις
1823 2433 2051 2517 καθαπτόμενος,

1263 2567 1298 2644 τή
1312 2561 1383 2644 αἰτή
1397 2564 1533 2644 καταδίκη
1546 2561 1628 2645 παρὰ
1641 2565 1690 2644 τῆς
1703 2559 1780 2644 ἡμων
1793 2559 1968 2645 μετριότητος
1978 2570 2051 2627 καθ·

1262 2688 1497 2774 υποβαλλόμενος,
1517 2685 1708 2773 ἀποκήρυκτος
1726 2689 1804 2754 ἔσται
1826 2685 1875 2754 καί
1898 2689 1983 2762 αἰετός
2003 2685 2052 2754 καὶ

1263 2815 1484 2900 ἀποτετμημίνος
1506 2821 1556 2900 τῆς
1577 2815 1660 2900 ἁγίας
1682 2821 1732 2882 τοῦ
1750 2821 1876 2900 Χριστοῦ
1898 2820 2052 2898 καθολικής

1262 2940 1310 3008 καί
1339 2943 1524 3028 ἀποστολικής
1551 2944 1695 3026 ε’κκλησίας
1722 2941 1770 3008 καί
1798 2949 1848 3010 τοῦ
1875 2943 1966 3027 όρθοῦ
1993 2948 2050 3008 τών

1261 3077 1442 3156 Χινωνῶν
1471 3070 1652 3155 συστήματα·
1684 3071 1741 3154 μετ’
1772 3071 1933 3156 ἒιθνθείνι
1959 3072 2051 3154 μέντοι

1261 3195 1310 3264 καὶ
1331 3203 1514 3282 πνευματικῆς
1535 3199 1687 3284 αόστηρίας
1712 3195 1760 3264 καί
1781 3197 1958 3282 ἐπιτιμήσεως
1977 3199 2050 3283 λέγω

1260 3353 1310 3410 μεν
1327 3327 1421 3410 μηκέτι
1439 3325 1498 3394 ἀπὸ
1516 3331 1566 3394 τοῦ
1584 3331 1631 3392 νῦν
1646 3327 1817 3411 δογματίζειν
1830 3322 1903 3400 όλως
1916 3326 1979 3392 τινά
1992 3330 2049 3392 τοῖν

1262 3453 1406 3528 ἀπόντων,
1425 3459 1554 3520 κινοῦντα
1572 3451 1635 3538 περὶ
1652 3454 1758 3520 τοότων
1777 3481 1808 3520 τε
1821 3453 1869 3520 καί
1884 3451 1977 3520 ἀλλων
1990 3459 2049 3538 δογ·

1260 3587 1385 3664 ματοιιόν
1402 3581 1504 3666 λόγων,
1526 3579 1589 3648 οῦτε
1607 3581 1752 3666 ἐγγράφως
1770 3581 1874 3665 δηλαδή
1889 3578 1951 3647 οῦτε
1965 3581 2049 3666 ἀγρό-

1260 3733 1330 3790 φως,
1351 3707 1391 3782 ώς
1408 3707 1441 3774 οῦ
1457 3713 1561 3791 μικρῶν
1580 3708 1709 3774 ἐντεῦθεν
1727 3709 1765 3782 εἰς
1778 3707 1828 3792 τήν
1842 3709 1986 3792 θοιλησίαν
1999 3713 2049 3774 τοῦ

1261 3841 1331 3900 θεοῦ
1350 3834 1567 3900 ἀνακιπτόιπων
1584 3835 1750 3902 σκανδάλων
1768 3833 1816 3900 καί
1832 3834 1987 3920 συγχύσεως
2000 3834 2048 3902 καί

1260 3966 1386 4046 ταραχῆς
1403 3959 1451 4026 καί
1469 3961 1557 4028 σάλου
1570 3959 1618 4028 καλ
1631 3963 1772 4045 τραιυμόιις
1785 3963 1972 4046 ε’πιγενομίνης
1985 3975 2049 4037 ταῖς

1259 4100 1367 4174 ιμνχαΐς
1395 4093 1452 4154 τοῦν
1481 4089 1656 4164 ἀκουόντων,
1685 4087 1733 4154 καί
1760 4093 1818 4155 τῶν
1846 4089 2048 4172 ἀκεραιοτερων

1259 4215 1393 4301 μάλιστα·
1414 4215 1445 4282 δι’
1468 4215 1488 4281 ἀ
1506 4215 1539 4300 δή
1553 4217 1668 4290 πάντως
1682 4213 1729 4281 καί
1743 4217 1771 4282 οἱ
1784 4215 1915 4300 ἀνωτέρω
1931 4217 2048 4284 ἰκτεθει

1258 4350 1334 4428 μίνοι
1353 4351 1428 4409 θεῖοι
1442 4343 1557 4419 κανόνες
1570 4353 1631 4418 τοῖς
1644 4329 1796 4428 θεοφόροις
1808 4343 1950 4429 πατρόσιν
1964 4345 2047 4422 ίξετό

1258 4481 1363 4555 θησαν.
1383 4471 1464 4557 χάριν
1486 4471 1540 4554 γάρ
1560 4475 1610 4537 τοῦ
1626 4472 1720 4554 μηκέτι
1736 4473 1840 4554 μηδένα
1858 4481 1922 4546 ταῖς
1940 4471 2048 4556 ὁμοίαις

1257 4597 1379 4672 πλάναις
1404 4608 1559 4682 περιπεσεῖν
1583 4598 1739 4680 ποιούμενοι
1765 4597 1914 4684 πρόνοιαν,
1944 4596 1992 4664 καί
2013 4598 2046 4666 τό

1256 4725 1350 4809 παρόν
1362 4727 1401 4798 εἰς
1412 4725 1570 4808 ἀσφάλειαν
1577 4726 1719 4808 ε’κθήιενοι
1728 4726 1849 4810 γράμμα,
1857 4735 1921 4799 ταῖς
1935 4727 2048 4800 οἰκείαις

1257 4851 1436 4937 ἀπογραφαῖς
1449 4851 1697 4936 ῦπεσημηνάμεθα,
1709 4853 1785 4918 κατὰ
1797 4857 1872 4936 μξνα
1878 4850 2047 4936 Αῦγουστον

1257 4983 1306 5062 τής
1319 4979 1419 5062 ἐνάτης
1433 4980 1606 5052 ἰνδικτιοῦνος.

1320 5107 1386 5191 Εἶχε
1404 5103 1452 5170 καλ
1465 5105 1704 5190 ῦπογεγριιμμιόον
1722 5106 1769 5173 διά
1783 5112 1833 5191 τῆς
1846 5111 2047 5192 πατριαρχικής

1256 5231 1345 5318 χειρός
1363 5232 1396 5298 τὸ
1413 5231 1543 5316 Ἰωάυνης
1561 5232 1628 5314 ἕλεἰρ
1646 5237 1718 5300 θεοῦ
1737 5233 1951 5317 ἀρχιεπίσκοπος
1964 5241 2046 5299 Κων-

1255 5359 1509 5434 σταντινουπόλειος
1526 5361 1591 5434 νίας
1606 5360 1714 5444 Ῥώμης
1731 5358 1778 5425 καί
1792 5360 1975 5444 οἰκουμενικός
1992 5387 2045 5426 πα-

1255 5485 1392 5572 τείνειν·
