5244 6618
1941 710 1980 756 xl

357 889 446 950 XIH.
461 889 645 969 Fragmenta
656 891 849 970 palimpsesta
862 893 946 951 varia
960 901 1039 952 octo:
1055 891 1113 952 duo
1128 892 1174 952 bis
1188 891 1302 953 Graece
1317 894 1440 972 scripta3
1455 913 1547 954 uuum
1561 896 1688 974 primum
1704 895 1827 970 Graece,
1891 843 1945 890 rag.

464 985 527 1034 turn
550 975 682 1054 Syriaca,
705 976 834 1056 denique
853 976 999 1056 Georgica
1023 977 1099 1054 (666
1119 979 1322 1056 Armeniace);
1344 999 1436 1038 unum
1458 981 1585 1058 primum
1606 980 1742 1062 Coptica,
1764 991 1828 1041 tum

465 1060 594 1134 Graece3
610 1081 701 1120 unum
712 1063 839 1141 primum
851 1063 988 1138 Arabica,
1003 1072 1066 1122 turn
1079 1063 1205 1140 Graece,
1221 1084 1312 1124 unum
1322 1065 1449 1144 primum
1462 1064 1591 1145 Syriaca,
1606 1067 1723 1126 tumbis
1736 1065 1827 1126 Geor·

464 1147 529 1224 gice
545 1149 617 1220 (non
631 1147 830 1221 Armeniaca).
864 1149 951 1207 Nunc
965 1148 1034 1209 bibl.
1050 1149 1124 1228 Imp.
1137 1149 1378 1228 Petropolitanao
1405 1193 1830 1214 .........
1898 1155 1934 1210 11

359 1229 444 1289 XIV.
465 1231 620 1310 Reliquiae
643 1241 708 1292 octo
731 1232 864 1292 codicum
887 1231 1067 1293 Graecorum
1090 1234 1247 1293 uncialium
1270 1250 1330 1294 non
1355 1235 1575 1313 rescriptorum,
1602 1255 1727 1318 qnorum
1752 1257 1828 1296 unus

463 1317 573 1396 quinti,
589 1337 666 1376 uuus
680 1318 810 1396 septimi,
826 1339 902 1377 unus
915 1319 1025 1387 octavi,
1040 1339 1116 1380 unus
1128 1320 1198 1378 noni
1209 1319 1258 1378 vel
1274 1318 1391 1392 decimi,
1406 1339 1484 1378 unus
1496 1321 1594 1380 octavi
1605 1321 1653 1380 vel
1668 1321 1752 1396 noui,
1767 1319 1826 1380 duo

462 1397 568 1460 decimi
582 1401 632 1460 vel
645 1402 793 1462 undecimi
808 1403 916 1462 saeculi
931 1411 1023 1464 crant.
1057 1405 1144 1464 Nunc
1157 1403 1352 1466 bibliothecae
1366 1405 1716 1484 Irnp.Petropolitanae.
1761 1449 1769 1464 .
1815 1452 1821 1465 .
1856 1409 1978 1466 11-12

378 1485 446 1544 XV.
463 1487 549 1546 Folia
567 1487 757 1566 palimpsesto
772 1491 811 1548 52
827 1485 919 1566 (num.
935 1492 974 1566 1),
994 1490 1065 1548 item
1084 1489 1196 1548 611611
1215 1487 1305 1566 (num.
1320 1493 1361 1566 2),
1381 1509 1505 1569 quorum
1524 1491 1604 1569 prior
1624 1492 1826 1569 scriptumest

462 1571 596 1650 Syriaca,
612 1571 706 1632 altera
717 1571 864 1651 Georgica
874 1572 945 1652 (non
956 1575 1156 1646 Armeniaca).
1180 1573 1257 1634 Sunt
1270 1575 1412 1654 reliquiae
1422 1575 1569 1634 variorum
1581 1575 1713 1636 codicum
1726 1575 1827 1654 Syria·

462 1677 562 1716 corum
577 1677 686 1736 magua
705 1659 881 1738 antiquitate
900 1660 1069 1738 insignium.
1105 1659 1217 1738 Magna
1230 1680 1299 1738 pars
1313 1659 1359 1718 ad·
1372 1660 1571 1720 recensionem
1587 1669 1685 1720 textus
1700 1681 1826 1740 evange-

462 1743 567 1802 liorum
586 1743 714 1820 pertinet
729 1741 788 1802 huc
801 1763 895 1824 usque
909 1745 1102 1822 incognitam,
1122 1745 1178 1803 nisi
1194 1744 1273 1824 quod
1288 1743 1382 1804 codex
1396 1765 1449 1823 pro
1464 1745 1528 1824 ipsa
1542 1745 1686 1824 scriptura
1700 1765 1738 1804 ex
1753 1747 1825 1806 Hie·

462 1827 673 1906 rosolymitano
687 1847 796 1906 genere
812 1839 869 1900 est,
891 1831 973 1888 cuius
988 1829 1220 1910 evangeliarium
1234 1830 1348 1890 Romae
1362 1839 1504 1890 servatur.
1534 1829 1690 1890 Accedunt
1705 1851 1783 1892 num.
1797 1836 1825 1892 3.
1867 1839 1872 1854 '

461 1913 534 1970 folia
557 1912 617 1972 duo
641 1913 773 1972 eiusdem
794 1913 931 1992 Georgici
955 1913 1063 1974 codicis
1085 1915 1196 1995 absque
1218 1915 1383 1995 antiquiore
1406 1916 1551 1994 scriptura
1573 1913 1704 1994 Syriaca.
1740 1917 1829 1976 Nunc

461 1997 531 2058 bibl.
548 1998 623 2076 hup.
639 1999 888 2077 Petropolitanae.
928 1999 973 2060 Cf.
989 1999 1027 2059 ad
1050 2000 1124 2060 haec
1141 2000 1286 2060 Notitiam
1308 1999 1354 2058 ed.
1369 1999 1431 2058 cod.
1447 1999 1518 2060 bibl.
1535 1999 1641 2060 Sinait.
1658 2004 1827 2080 616649,

463 2084 514 2143 ubi
529 2082 566 2142 de
580 2083 729 2142 laboribus
744 2085 799 2142 viri
814 2084 866 2143 cel.
878 2085 998 2144 Brossct
1012 2086 1089 2145 circa
1102 2083 1251 2163 Georgica
1263 2087 1320 2144 ista
1334 2084 1501 2164 fragmenta
1515 2094 1546 2144 et
1556 2085 1664 2146 Landii
1679 2087 1735 2145 viri
1750 2085 1827 2146 docti

462 2169 539 2228 circa
554 2167 678 2248 Syriaca
692 2169 817 2228 relatum
832 2180 877 2228 est
928 2213 1828 2232 ..................
1918 2177 1924 2194 “

362 2252 449 2312 XVI.
463 2257 490 2311 1.
503 2252 607 2314 Codex
622 2253 767 2314 Arabicus
786 2255 857 2314 noni
877 2255 1001 2330 saeculi,
1024 2257 1055 2314 iu
1072 2275 1129 2334 quo
1148 2264 1266 2334 praeter
1280 2255 1446 2332 fragmenta
1461 2255 1651 2333 epistularum
1666 2255 1704 2316 ad
1718 2255 1826 2314 Roma·

460 2358 525 2410 nos,
541 2337 577 2397 ad
595 2339 764 2399 Corinthios
785 2339 933 2400 secundae
953 2350 983 2400 61
1002 2339 1040 2399 ad
1055 2340 1210 2400 Hebraeos
1225 2341 1358 2418 integrae
1374 2339 1518 2400 habentur
1533 2351 1658 2422 unaque
1673 2339 1826 2400 6111666-

460 2423 575 2498 theum,
595 2423 633 2482 ad
652 2423 768 2496 Titum,
790 2423 828 2483 ad
845 2423 1058 2484 Philemonem.
1095 2419 1145 2486 Ad
1167 2423 1240 2485 haec
1261 2425 1430 2504 fragmenta
1451 2435 1636 2486 accesserunt
1657 2426 1825 2504 nuperrime

459 2508 532 2567 folia
544 2513 612 2582 151,
629 2509 735 2590 quibus
747 2529 812 2568 cum
826 2509 973 2588 prioribus
986 2511 1148 2570 coniunctis
1160 2518 1253 2570 totum
1266 2509 1457 2590 epistularum
1469 2511 1556 2592 Pauli
1568 2531 1672 2590 corpus
1683 2511 1826 2570 contineri

459 2593 586 2652 videtur.
624 2593 762 2654 Ceterum
784 2593 821 2652 ad
840 2594 928 2654 finem
948 2596 1092 2674 epistulae
1111 2595 1149 2654 ad
1168 2597 1322 2656 Hebraeos
1337 2615 1432 2654 annus
1446 2595 1556 2655 Christi
1575 2598 1646 2655 891.
1662 2594 1825 2674 adscriptus

460 2687 512 2736 est.
544 2678 592 2738 Cf.
604 2679 747 2738 Notitiam
763 2686 816 2737 etc.
832 2699 898 2760 pag.
913 2683 962 2740 61.
999 2681 1129 2740 Numero
1147 2683 1173 2739 2.
1194 2679 1337 2742 accedunt
1359 2681 1526 2758 fragmenta
1539 2679 1606 2740 libri
1625 2679 1662 2740 16
1683 2680 1825 2740 descensu

461 2763 572 2822 Christi
587 2763 625 2824 61
639 2765 749 2825 inferos
758 2761 790 2842 1),
805 2767 933 2826 maxime
949 2767 1077 2844 insignia
1089 2765 1242 2826 notatione
1257 2767 1328 2824 anni
1344 2787 1372 2845 p.
1385 2764 1454 2825 Chr.
1467 2767 1538 2826 885.
1568 2765 1656 2825 Ν666
1669 2765 1739 2827 bibl.
1750 2765 1824 2846 Imp.

459 2847 701 2928 Petropolitanae
763 2895 1822 2914 .....................
1853 2853 1975 2909 13-14

353 2933 454 2992 XVII.
461 2931 604 2993 Collectio
615 2933 747 2994 codicum
758 2936 973 2996 Hebraicorum
989 2947 1018 2996 61
1029 2936 1235 3010 Arabicorum,
1250 2937 1409 2996 maximam
1424 2945 1537 3014 partem
1548 2935 1706 2995 Hebraicis
1720 2935 1825 2994 litteris

459 3018 512 3078 scd
528 3019 631 3098 lingua
645 3020 776 3080 Arabica
790 3023 963 3102 scriptorum
977 3020 1103 3081 necdum
1117 3019 1271 3081 editorum.
1308 3021 1396 3079 Nunc
1410 3019 1478 3080 bibl.
1494 3020 1733 3100 Petropolitanae
1764 3067 1770 3080 .
1815 3064 1822 3078 .
1852 3021 1974 3078 14-16

407 3106 445 3166 Α,
459 3103 558 3164 'Palm
566 3104 671 3168 udici.
698 3111 724 3166 1.
742 3105 958 3187 Compendium
977 3107 1049 3166 iuris
1064 3105 1233 3166 Talmudici
1252 3114 1369 3168 auctore
1386 3103 1494 3183 Chajin
1513 3105 1571 3166 ben
1592 3105 1713 3165 Samuel
1727 3104 1827 3164 Tude·

459 3189 543 3248 lensi.
568 3187 670 3250 Codex
690 3191 814 3271 scriptus
836 3201 880 3252 est
895 3213 972 3251 anno
989 3191 1099 3252 Christi
1117 3193 1207 3254 1461.
1247 3194 1275 3254 2.
1293 3189 1415 3250 Scholia
1428 3191 1466 3249 ad
1481 3197 1622 3251 uectatus
1636 3189 1825 3250 Talmudicos

457 3275 546 3333 Nosir
562 3287 592 3334 et
606 3275 748 3335 Nedarim
765 3275 841 3344 (dele
857 3275 993 3350 ,‚Nidda“
1009 3297 1038 3354 p.
1054 3275 1114 3354 11.)
1130 3285 1250 3335 auctore
1260 3275 1375 3336 Ascher
1387 3275 1542 3340 Toletano.
1577 3273 1681 3334 Codex
1700 3276 1825 3355 scriptus

459 3367 504 3418 est
518 3380 597 3420 anno
609 3359 719 3420 Christi
733 3363 824 3426 1364.
856 3365 885 3426 3.
898 3362 941 3440 (1)
954 3361 1057 3422 Codex
1072 3361 1301 3440 philosophicus,
1315 3361 1346 3420 in
1362 3380 1419 3440 quo
1435 3361 1537 3420 insunt
1551 3361 1656 3439 logica,
1672 3360 1825 3440 metaphy-

458 3445 526 3517 sica,
536 3445 698 3526 physicas).
715 3444 851 3526 (Corrige
863 3455 990 3522 textum,
1001 3448 1032 3506 in
1044 3467 1103 3528 quo
1114 3448 1170 3504 iste
1181 3444 1274 3506 codex
1284 3446 1552 3524 praestantissimus
1562 3445 1722 3506 Karaiticis
1732 3443 1824 3504 adnu-

458 3541 609 3588 meratur.
1894 3531 1930 3587 15

404 3613 441 3672 Β.
457 3529 647 3674 Karaitici.
673 3621 699 3675 1.
712 3615 755 3694 (2)
769 3616 893 3676 Cantica
904 3615 1098 3694 1166111661).
1121 3619 1149 3674 2.
1163 3614 1206 3694 (3)
1216 3615 1337 3675 11116616
1347 3615 1532 3674 Karaiticum
1547 3635 1614 3674 cum
1629 3615 1825 3696 epithalamiis

457 3702 486 3758 3.
500 3701 542 3774 (4)
555 3698 746 3759 Midraschim
761 3709 835 3762 tres:
852 3701 888 3761 de
902 3699 1082 3774 Abrahamo,
1097 3701 1134 3759 de
1148 3699 1249 3759 decem
1264 3700 1451 3778 martyribus
1467 3699 1505 3759 de
1519 3701 1601 3760 exitu
1614 3701 1822 3761 Israelitarum.

457 3787 486 3847 4.
505 3786 549 3863 (5)
564 3783 656 3844 Varia
675 3785 841 3864 fragmenta
859 3785 1025 3864 dogmatica
1033 3788 1066 3862 1).
1100 3787 1128 3844 5.
1146 3785 1190 3859 (6)
1207 3785 1358 3844 Homiliac
1375 3787 1415 3844 10
1430 3784 1467 3842 61
1485 3787 1524 3844 10
1538 3783 1664 3846 Genesis
1679 3795 1709 3845 et
1723 3783 1822 3844 Exodi

457 3871 620 3950 pericopas.
644 3872 672 3930 6.
686 3871 730 3948 (7)
744 3869 979 3930 Commentarius
991 3870 1029 3929 ad
1041 3869 1181 3931 Genesin.
1207 3873 1234 3929 7.
1247 3867 1290 3948 (8)
1300 3871 1482 3948 Fragmenta
1495 3872 1770 3930 commentariorum
1785 3867 1823 3928 ad

456 3955 609 4034 pericopas
625 3953 759 4028 Genesis,
775 3955 888 4030 Exodi,
904 3955 1045 4030 Levitici‚
1061 3955 1266 4016 Numerorum.
1298 3957 1327 4013 8.
1343 3953 1387 4032 (9)
1403 3951 1639 4014 Commentarius
1658 3955 1697 4014 ad
1716 3955 1823 4014 librum

456 4039 570 4098 Iosuae.
595 4043 624 4100 9.
636 4039 702 4116 (10)
715 4037 926 4100 Commentarii
941 4039 979 4099 ad
994 4040 1137 4098 Psalmos.
1162 4043 1210 4099 10.
1222 4038 1287 4116 (11)
1302 4040 1483 4117 Fragmenta
1496 4040 1770 4100 commentariorum
1785 4037 1824 4097 ad

457 4125 569 4196 Ionam,
577 4125 615 4184 61
626 4125 730 4186 Ionam
743 4135 772 4184 et
783 4127 938 4198 Obadiam,
946 4125 985 4184 ad
994 4124 1191 4198 Ezechielem,
1202 4123 1240 4186 61
1252 4123 1420 4196 Proverbia,
1431 4123 1469 4184 ad
1480 4123 1595 4188 Iobum.
1610 4129 1658 4186 11.
1666 4123 1821 4204 (12)Com·

456 4211 617 4270 meutarius
633 4210 671 4270 ad
687 4210 822 4270 Threnos
867 4253 1823 4272 ...................
1849 4208 1972 4266 15-16

456 4378 475 4437 ¹)
493 4379 555 4440 Pag.
570 4382 610 4429 11.
624 4381 668 4428 lin.
683 4382 722 4427 19.
735 4381 820 4428 scribe
833 4381 919 4428 iuncto
930 4395 977 4441 pro
990 4383 1078 4428 iuncti.

451 4461 473 4526 ²)
492 4465 531 4510 Da
542 4465 591 4512 1616
605 4466 737 4514 66116611.
750 4466 965 4525 steinsehneidar,
982 4467 1025 4512 vir
1036 4467 1125 4512 barum
1138 4466 1280 4512 litterarum
1292 4465 1368 4524 longa
1379 4465 1555 4526 peritissimus,
1571 4467 1597 4512 16
1609 4463 1818 4526 Bibliograplrlac
1831 4465 1971 4513 llabraicaa

350 4534 404 4582 vol.
416 4533 434 4579 l.
448 4531 547 4591 (1858.)
560 4547 619 4592 pag.
634 4535 673 4581 19.
685 4535 736 4580 sic:
756 4533 867 4595 „Dieser
878 4533 963 4580 Codex
980 4533 1095 4593 geuthrt
1111 4547 1159 4580 666
1178 4534 1219 4580 616
1236 4533 1404 4592 schlageudes
1421 4533 1548 4592 Beispiel,
1570 4547 1621 4580 von
1638 4535 1760 4580 walchem
1776 4533 1910 4579 Nacbtheil
1929 4533 1970 4580 die

349 4601 475 4649 Aversion
489 4601 587 4648 christi.
601 4600 741 4650 Gelebrten
753 4616 835 4662 gagen
848 4601 897 4649 den
909 4601 1077 4648 bebritischen
1090 4601 1254 4648 Bucbstaben
1267 4601 1317 4661 ist;
1335 4603 1402 4648 witra
1415 4617 1443 4649 er
1454 4601 1502 4647 mit
1513 4601 1666 4650 arabischen
1677 4601 1784 4648 Lattara
1796 4599 1970 4660 geschriabau,

350 4684 379 4716 ao
389 4668 476 4716 winde
488 4683 546 4716 man
558 4669 584 4716 in
596 4669 648 4716 ihm
663 4670 749 4728 ltngst
762 4671 817 4716 6166
830 4669 877 4716 der
888 4672 1027 4718 seltensten
1039 4669 1091 4716 und
1103 4669 1266 4729 wichtigsten
1277 4669 1404 4716 Schriften
1419 4670 1489 4716 61666
1509 4669 1658 4717 berdhmteu
1670 4669 1820 4716 nunhirchen
1833 4667 1971 4714 Gelclrrten

351 4759 384 4770 —
398 4736 502 4784 Gazaall
513 4761 547 4770 -
564 4737 673 4784 erkaunt
690 4735 808 4798 haben“;
826 4761 861 4772 -
872 4762 906 4771 -
923 4751 948 4798 p.
962 4739 1015 4785 116
1035 4737 1105 4798 „Die
1122 4736 1349 4784 'lischendorfscha
1368 4737 1536 4784 Handschrilt
1553 4739 1590 4786 ist
1606 4737 1742 4796 uusueitig
1757 4736 1907 4795 autograph
1925 4734 1971 4782 des

351 4803 432 4854 Ssid“
445 4803 588 4864 („dieselbe
604 4805 638 4854 ist
654 4805 680 4852 in
697 4806 805 4852 mainem
817 4805 913 4852 ienish
927 4805 1070 4852 bitersture
1083 4821 1106 4866 p.
1121 4806 1178 4852 191.
1191 4819 1229 4851 nr.
1243 4807 1265 4852 8.
1279 4801 1430 4864 gemeint“).
1444 4829 1478 4838 -
1489 4829 1523 4839 -
1535 4806 1603 4863 „Ans
1614 4805 1725 4852 welches
1737 4802 1844 4852 Absicbt
1855 4802 1914 4850 Said
1925 4803 1971 4850 das

349 4873 430 4920 Werlr
443 4873 488 4920 des
502 4871 608 4920 Gasaali
619 4879 694 4920 nntar
709 4873 793 4919 cinam
809 4873 929 4934 finglrten
940 4874 1007 4920 Titel
1024 4872 1240 4931 abgsschrieben,
1258 4873 1326 4918 kann
1338 4873 1410 4919 nicht
1420 4874 1468 4919 mit
1479 4873 1668 4920 Bastlmmtheit
1680 4869 1827 4932 angegaben
1839 4868 1970 4917 werdeu'‘.

349 4966 382 4976 -
393 4941 575 5002 „Schliesslich
591 4941 625 4988 ist
642 4941 706 4988 noch
717 4941 848 4988 Jcllinelrs
859 4941 1037 5002 Bemerkuug:
1057 4939 1102 4988 dar
1113 4941 1183 4988 Veri.
1194 4941 1258 4988 wird
1270 4955 1321 4987 von
1334 4940 1423 4987 166161
1436 4941 1562 5000 scribut,
1575 4941 1614 4987 als
1626 4940 1688 5000 irrig
1700 4953 1731 4986 au
1742 4935 1925 4986 bareiohnsn‘t
1937 4961 1971 4974 —-

348 5009 514 5058 accuratiora
526 5013 676 5069 quaerentes
688 5008 755 5055 liber
767 5007 982 5056 816166616611661
994 5007 1103 5055 docebit.

449 5091 469 5151 ⁸)
488 5094 553 5141 Vide
572 5093 605 5140 de
620 5093 660 5141 his
678 5093 784 5140 canticis
802 5093 1332 5154 816166616116706661610566.
1362 5089 1433 5151 Quae
1450 5092 1533 5140 medio
1551 5093 1578 5139 iu
1596 5091 1664 5139 libro
1682 5089 1892 5138 desiderabantur
1910 5090 1970 5136 tolia

350 5160 435 5208 decem
448 5162 509 5220 (non
523 5157 576 5224 18),
593 5162 657 5210 miro
669 5159 746 5207 modo
759 5161 890 5222 Petropoli
903 5163 1021 5221 suppleta
1033 5167 1099 5208 sunt.
1129 5160 1210 5220 Quum
1229 5162 1295 5208 eninr
1313 5173 1392 5220 nuper
1403 5159 1511 5208 Karatta
1528 5159 1690 5208 doctissimus
1702 5159 1872 5206 Firkorritsch
1884 5159 1969 5205 varios

348 5229 420 5276 codd.
433 5231 583 5290 Petropolin
600 5229 742 5286 attulisset,
760 5229 786 5275 in
804 5230 836 5275 iis
854 5230 960 5276 1666616
977 5231 1036 5276 sunt
1053 5242 1084 5276 aa
1102 5227 1158 5288 ipsa
1176 5228 1236 5274 folia
1253 5242 1317 5287 quae
1335 5226 1838 5286 666166661161(1616616113861119)
1856 5227 1968 5274 deerant.

346 5297 435 5344 Allata
447 5303 529 5356 arant,
548 5302 613 5344 teste
631 5298 686 5358 ipso
698 5297 880 5353 Firlrowitscb,
896 5296 1093 5358 Hierosolymis,
1111 5303 1198 5343 nostra
1216 5310 1279 5344 vero
1298 5301 1351 5344 tota
1369 5296 1486 5344 collectio
1498 5295 1607 5344 Cahirae
1624 5299 1776 5354 comparata.
1805 5294 1907 5342 liabent
1923 5308 1969 5341 sua

347 5367 400 5412 1616
418 5366 508 5413 libelli.

448 5439 470 5500 ⁴)
487 5443 521 5488 M.
535 5441 743 5491 steinachnaider
753 5442 894 5488 illustravit
906 5441 931 5487 in
944 5439 1068 5500 Bibliogr.
1080 5441 1160 5488 Hebr.
1173 5440 1217 5486 Nr.
1230 5441 1267 5485 11.
1282 5435 1379 5502 (1859.)
1393 5454 1416 5500 p.
1430 5440 1461 5486 91
1475 5453 1513 5498 sq.
1526 5439 1557 5486 iis
1571 5453 1635 5499 quaa
1648 5439 1673 5484 in
1688 5443 1756 5485 textu
1768 5439 1799 5486 de
1811 5437 1968 5499 singulorum

348 5511 545 5569 fragmentorum
556 5509 724 5569 scriptoribus
736 5515 822 5557 notata
835 5517 893 5556 aunt
905 5522 993 5568 parum
1007 5507 1131 5568 probatis.

1733 5601 1766 5630 Η
