5244 6618
588 719 629 784 os

588 927 637 986 roo
651 923 729 986 όσᾶιο
742 923 902 994 crotonias,
918 922 958 984 ef.
975 917 1136 1004 lienolog.
1160 919 1237 984 l'rb.
1253 919 1294 985 II.
1312 945 1342 1007 p.
1359 921 1387 984 9.
1433 919 1538 985 Huius
1555 923 1730 986 memoriae
1746 923 1779 986 in
1795 921 1890 987 editis
1907 924 1980 988 finis
1997 937 2060 989 est:
2084 923 2131 991 καί
2146 926 2230 1009 ἐτίθη

588 1050 620 1114 τό
643 1051 778 1116 >norom
799 1049 884 1114 αι’τοῑ·
906 1051 934 1112 ιἰ·
956 1056 988 1130 τη
1011 1051 1105 1132 κόπρῳ
1126 1050 1208 1132 βρίοι·
1231 1047 1374 1130 ιἰιμᾶτοινι
1404 1049 1510 1113 codex
1537 1073 1615 1113 vero
1645 1071 1704 1135 pro
1726 1059 1768 1134 βρ.
1791 1054 1849 1134 ιἰιμ
1873 1050 1984 1116 habet:
2015 1055 2122 1126 νιοίλιλς
2144 1055 2231 1126 ι’όσεις

588 1179 711 1260 παρίχον
732 1186 791 1248 τοῖς
811 1187 927 1249 πιστοῖς.
971 1175 1042 1238 Fol.
1061 1178 1108 1238 10.
1132 1174 1305 1240 habentur:
1329 1177 1450 1258 ἄθλησις·
1472 1183 1529 1243 τῶν
1551 1177 1637 1260 ἁγίων
1658 1183 1742 1260 τριῶν
1763 1183 1884 1244 nm'oow'
1907 1180 2023 1244 ἄνανία·
2046 1181 2163 1262 ἄζαρία·
2183 1179 2230 1245 καί

587 1305 704 1386 moral:
727 1324 825 1388 porro
841 1303 962 1384 itinere
976 1308 1025 1368 τοῦ
1039 1304 1182 1386 προσίασιν
1197 1304 1308 1386 daonii:
1333 1303 1472 1389 denique
1489 1303 1611 1386 ἄθλησις
1624 1309 1674 1370 τοῦ
1689 1305 1768 1390 ἁγίου
1782 1307 1922 1390 μᾶρτιρος
1935 1307 2041 1391 βάκχον
2055 1313 2104 1374 τοι)
2120 1309 2188 1372 νίοιι.

695 1427 784 1494 Cod.
801 1429 927 1493 Tiseh.
944 1429 1029 1493 Xll.
1076 1427 1215 1494 Constat
1229 1428 1316 1493 foliis
1334 1431 1372 1493 17
1388 1427 1654 1511 membranaceis,
1672 1441 1823 1516 quattuor
1838 1432 1988 1496 codicum
2003 1432 2157 1519 reliquiis.

694 1557 738 1622 A:
755 1556 834 1622 folia
846 1567 970 1642 septem
983 1557 1015 1618 in
1028 1557 1076 1633 4⁰,
1090 1555 1210 1620 saeculi
1223 1558 1350 1622 decimi.
1371 1557 1486 1621 Insunt
1495 1569 1650 1644 excerpta
1660 1559 1761 1640 vario,
1770 1581 1852 1644 quae
1861 1557 2094 1624 adJohanne'm
2101 1559 2231 1645 Lydum

589 1688 673 1750 sexti
690 1683 812 1750 saeculi
827 1685 1019 1770 scriptorem
1034 1683 1206 1749 referenda
1224 1706 1296 1748 esse
1310 1683 1468 1748 videntur.
1498 1685 1645 1768 insignia
1656 1687 1862 1771 potissimum
1874 1709 1913 1751 eo
1927 1697 2001 1752 sunt
2014 1687 2101 1772 quod
2116 1687 2230 1752 eadem

588 1815 657 1878 fere
686 1813 794 1876 omnia
812 1814 908 1876 etiam
924 1809 1012 1897 apud
1032 1809 1166 1876 Suidam
1183 1821 1216 1874 et
1236 1809 1397 1876 Oodinum
1415 1811 1456 1876 de
1476 1811 1721 1896 antiquitatibus
1741 1811 2110 1899 Constantinopolitanis
2131 1836 2230 1900 expo·

589 1952 718 2006 nentem
732 1939 893 2023 leguntur,
906 1940 1049 2023 itemque
1063 1938 1179 2002 minori
1192 1961 1233 2003 ex
1246 1949 1339 2024 parte
1353 1939 1386 2002 in
1400 1939 1541 2004 editione
1556 1940 1812 2023 fragmentorum
1818 1939 1840 2004 J
1843 1939 1978 2004 ohannis
1988 1940 2083 2027 Lydi.
2105 1941 2231 2006 Duum-

588 2071 651 2134 viri
670 2070 756 2134 enim
777 2066 822 2130 illi
838 2067 924 2130 unde
943 2089 1002 2130 sua
1017 2065 1184 2130 hauserint
1202 2087 1268 2130 non
1284 2067 1362 2130 satis
1379 2076 1515 2147 constat,
1531 2077 1638 2130 tamen
1654 2067 1776 2132 dudum
1791 2090 1832 2132 ex
1847 2067 1962 2132 eodem
1977 2070 2067 2134 fonte
2082 2068 2230 2132 hausisse

588 2198 652 2262 visi
674 2205 757 2260 sunt.
803 2191 853 2258 Cf.
870 2193 1004 2257 Kusteri
1025 2203 1120 2256 notas
1142 2192 1184 2256 nd
1204 2191 1338 2256 Suidam
1363 2191 1423 2256 sub
1442 2193 1600 2277 Ἀδιαβηνὴ,
1624 2193 1685 2256 sub
1704 2194 1903 2269 Ἰοοσνινιαιός,
1927 2193 1987 2260 sub
2006 2195 2078 2270 Ζιθς
2097 2207 2129 2260 et
2148 2194 2230 2259 aliis.

588 2325 657 2388 Iam
678 2345 757 2387 vero
777 2321 821 2385 nil
839 2323 910 2384 veri
928 2329 979 2385 est
998 2319 1133 2384 similius
1153 2341 1249 2404 quam
1270 2329 1440 2405 utrumque
1459 2321 1523 2384 ista
1542 2321 1649 2384 omnia
1669 2343 1710 2385 ex
1723 2318 1874 2386 Johanne
1889 2321 1984 2407 Lydo
1999 2322 2230 2409 depromsisse‚

589 2473 783 2538 quamquam
804 2447 879 2514 libri
901 2449 970 2512 eius
994 2469 1057 2532 quo
1080 2447 1129 2510 usi
1153 2459 1228 2511 sunt
1249 2469 1315 2510 non
1338 2457 1512 2532 supersunt
1535 2449 1597 2511 nisi
1617 2459 1781 2533 excerpta,
1803 2451 1849 2512 ita
1871 2459 1906 2512 ut
1926 2471 1967 2512 ex
1986 2463 2098 2514 nostro
2119 2450 2231 2514 codice

589 2573 813 2666 supplementa
832 2575 993 2641 editorum
1010 2573 1151 2661 petenda
1171 2575 1244 2637 sint.
1290 2573 1364 2652 Qua
1383 2573 1424 2638 de
1445 2597 1480 2638 re
1500 2573 1556 2638 alii
1571 2575 1657 2659 iique
1673 2574 1940 2660 intelligentiores
1955 2577 2112 2649 viderint;
2135 2577 2230 2640 nobis

590 2709 668 2772 satis
684 2707 745 2769 erit
759 2706 866 2790 ipsum
881 2711 1004 2766 textum
1020 2702 1126 2784 edere,
1140 2724 1267 2786 unaque
1279 2711 1430 2766 accurate
1443 2701 1587 2766 indicare
1600 2723 1681 2786 quoe
1696 2704 1778 2767 ratio
1793 2704 1834 2766 sit
1844 2704 1929 2767 inter
1939 2704 2058 2768 Suidae
2072 2718 2103 2767 et
2113 2703 2231 2768 codini

588 2845 744 2920 excerpta
759 2841 790 2896 et
804 2841 928 2896 textum
943 2829 1066 2894 coelicis
1081 2831 1194 2910 nostri,
1211 2830 1265 2914 qui
1280 2828 1410 2914 quidem
1426 2830 1498 2914 ipsa
1513 2841 1618 2893 aetate
1634 2826 1724 2893 illum
1740 2841 1911 2916 utrumque
1927 2831 2099 2895 antecedit.

694 2961 803 3024 Primo
823 2957 896 3021 loeo
916 2955 1047 3040 legitur:
1071 2955 1132 3038 περὶ
1151 2957 1308 3041 risnello.
1340 2955 1466 3020 Eadem
1486 2955 1573 3041 apud
1589 2955 1723 3021 Suidnm
1744 2957 1804 3021 sub
1819 2959 1968 3042 Ἀοιαρηνη·
1983 2969 2016 3022 et
2030 2959 2118 3044 apud
2133 2957 2230 3024 Codi—
2288 2983 2291 2996 ¹

589 3113 666 3154 num
680 3088 732 3152 De
752 3087 854 3169 origg.
872 3082 983 3146 Const.
1005 3083 1055 3146 ed.
1071 3082 1224 3146 Lambee.
1249 3107 1278 3168 p.
1298 3084 1345 3146 13.
1391 3082 1509 3146 Noster
1528 3095 1636 3146 textus
1653 3084 1700 3148 sio
1716 3082 1828 3148 hebet:
1851 3082 1935 3168 Αίτη
1951 3085 1964 3168 'i
1980 3087 2061 3170 χώρα
2075 3097 2163 3152 κεῖναι
2176 3089 2231 3170 νιρό

588 3224 638 3300 τῆς
655 3216 865 3300 μεσοποταγαάς
887 3213 926 3285 ὡς
946 3209 990 3276 ἐπί
1009 3211 1156 3294 ἀνατολήν,
1176 3213 1264 3292 πίραν·
1283 3216 1332 3274 τοί·
1350 3213 1467 3293 τίγριθος
1477 3208 1510 3296 ¹).
1532 3211 1561 3274 ίν
1581 3211 1650 3294 stiur}
1670 3213 1703 3276 δι’
1719 3211 1792 3278 ἔστιν
1809 3209 1857 3276 καί
1864 3209 1889 3296 ²)
1911 3211 2059 3294 ἄσιγαλτος
2072 3213 2089 3296 η
2103 3218 2230 3298 λεγομένη

589 3347 700 3427 νάφθα.
722 3343 829 3425 λέγεται
851 3338 879 3404 δὲ
898 3338 1031 3422 ἄθιαβηνίγ
1051 3338 1097 3402 θινὶ
1116 3339 1149 3402 τὸ
1169 3340 1237 3402 sirco
1257 3341 1387 3410 ντίιίονας
1404 3333 1507 3420 (Suid.
1525 3335 1648 3423 πλειους)
1668 3339 1812 3420 ποταμοὺς
1826 3339 1854 3402 ίν
1870 3341 1940 3422 αἰτῇ
1955 3337 2003 3404 καί
2018 3344 2232 3425 θνσγερεστιραν

589 3482 675 3538 ννοαίν
693 3469 742 3552 νίγν
761 3469 896 3552 ὄαίβασιν.
916 3467 971 3531 ἐκεῖ
975 3468 1000 3550 ³)
1021 3463 1157 3530 ἔστινκαὶ
1176 3465 1192 3548 ι]-
1212 3463 1298 3547 νινειιηζ
1314 3461 1419 3546 (Suid.
1441 3475 1472 3528 et
1490 3464 1571 3529 (lod.
1592 3469 1688 3539 νινινί,
1709 3465 1780 3528 cod.
1798 3465 1918 3530 Suidae
1932 3465 1964 3529 A
1978 3465 2029 3552 η’).
2051 3469 2188 3551 τοσαύτην
2202 3467 2231 3534 δὲ

590 3597 747 3682 ἀσφάλειαν
761 3606 835 3660 ννοιιι·
846 3607 905 3667 τοῖς
918 3597 1063 3674 κνισμισιν
1077 3622 1090 3675 η
1109 3591 1264 3674 ἄσφαλτος,
1279 3587 1352 3656 ὥστε
1366 3605 1429 3666 ταῖς
1443 3593 1543 3665 ι’ννιταῖ,Ι
1558 3595 1687 3666 πλίνθοι,Ι
1705 3591 1752 3658 καί
1767 3603 1826 3666 τοῖς
1839 3599 1950 3668 λοιποῖς
1963 3597 2056 3668 λίθοις
2070 3607 2231 3680 σομιαγιῖσα

587 3725 750 3810 ι’σγοροτιρα
769 3726 869 3806 γίνεται
889 3722 996 3792 παντὸς
1013 3719 1130 3802 ordinm.
1151 3720 1235 3784 ἐκεῖσε
1253 3722 1286 3782 δι’
1302 3719 1359 3783 ἐστι
1377 3718 1424 3784 καί
1443 3719 1475 3784 τὸ
1495 3719 1613 3804 ἄορονθ)
1633 3721 1745 3802 στόμιον
1761 3717 1892 3803 (Codin.
1913 3719 2033 3806 στόμια),
2054 3723 2083 3800 ίξ
2097 3717 2130 3790 οὗ
2144 3723 2231 3788 διττὸν

588 3859 696 3936 πνεῦμα
716 3852 887 3920 ἀναδίδοται,
909 3845 981 3913 ὥστε
1003 3851 1061 3910 ννᾶν
1081 3845 1130 3928 μίν·
1152 3848 1268 3930 ι’ντίγιιοι·
1291 3851 1362 3922 ζῶον
1383 3853 1442 3912 νιᾶι·
1463 3845 1492 3910 δὲ
1513 3845 1648 3931 τντηιόνῧ)
1675 3848 1872 3930 ιὶνιορθιιριιν·
1894 3848 1941 3914 καί
1963 3851 1989 3914 α’
2008 3850 2079 3932 πρὸς
2097 3849 2129 3914 τὸ
2149 3851 2231 3935 ννγὸν

589 3980 756 4062 ὀσφρησοιτο
776 3971 1020 4058 (θοαὶ-σαντα)
1045 3972 1092 4038 καί
1111 3976 1137 4038 ri
1154 3972 1346 4044 ι’σκιθιίννταο,
1369 3975 1417 4038 οὐκ
1438 3971 1474 4036 ἄν
1493 3974 1604 4056 ὡκίσθη
1623 3973 1639 4040 ό
1657 3979 1749 4058 χοῖροιΙ
1764 3975 1837 4039 still
1852 3975 1912 4040 κατ’
1929 3976 2045 4042 νόθιίαν
2059 3975 2170 4052 ἄνεισιν,
2184 3975 2232 4042 καί

589 4107 679 4188 ὀλίγον
703 4101 882 4185 ἀνερχόμενον·
903 4102 987 4166 πόλιν
1009 4098 1262 4184 ιλιτανακλιλταιθ),
1278 4099 1324 4164 καί
1345 4101 1375 4164 ιἰι
1396 4099 1495 4166 anoton
1520 4100 1557 4164 τό
1579 4127 1609 4164 τε
1633 4099 1730 4184 (Cod.
1757 4099 1835 4187 om.)
1859 4103 1888 4166 ἕν
1909 4103 2072 4186 ιἰιιιηλοτιριο
2094 4105 2231 4188 πετόμενα

589 4234 708 4308 σώζεται
726 4227 773 4293 καί
795 4229 832 4294 τό.
850 4230 927 4310 τιν’ριξ
941 4225 1117 4312 νιμιίμιναῚ).
1139 4231 1208 4313 λίγα
1222 4227 1252 4292 δὲ
1266 4227 1282 4294 ό
1298 4231 1363 4294 δίων
1378 4227 1502 4294 τοιοῦτόν
1517 4254 1541 4292 τι
1559 4223 1689 4312 (Codin.
1706 4227 1749 4312 τι)
1765 4231 1909 4312 ἑορακίναι
1925 4227 2056 4314 (Codin.
2072 4229 2186 4316 ίωρακ.)
2203 4233 2231 4296 ιἰ·

589 4359 728 4444 ίεραντόλεν
749 4361 799 4438 τῆς
820 4355 913 4428 ἀσίας,
937 4352 1004 4437 ὅπερ
1023 4351 1118 4419 πάντα
1138 4355 1174 4420 τὰ
1194 4354 1399 4437 όσιγραινόμινα
1419 4357 1528 4436 ιγθιίρει
1548 4353 1618 4438 πλην·
1636 4361 1692 4420 τῶν
1706 4357 1849 4440 sororisant
1865 4360 1937 4422 ἔστιν
1957 4357 1986 4422 δὲ
2006 4359 2034 4423 ίν
2049 4364 2082 4442 τῆ
2097 4361 2230 4444 ἀθιιιβηνῆ

591 4484 638 4552 καί
651 4485 668 4569 ἡ
683 4483 830 4566 ιιτησιαιοόι·Ι

697 4607 872 4674 Secundo
892 4606 964 4671 loeo
983 4605 1114 4692 legitur:
1137 4608 1229 4673 πόθεν
1242 4609 1348 4690 λέγεται
1363 4608 1545 4690 erysimum.
1562 4607 1612 4671 cf.
1630 4607 1720 4671 said.
1742 4609 1801 4672 sub
1817 4610 1998 4693 Αίγοισνοςς
2020 4613 2097 4678 item
2114 4611 2229 4678 Codin.

591 4741 643 4804 De
659 4740 762 4822 origg.
782 4733 949 4800 Constant.
968 4731 1032 4818 (ed.
1053 4733 1205 4798 Lanrbee.
1226 4733 1330 4798 Paris.
1353 4731 1458 4819 tono.)
1479 4757 1552 4820 pag.
1576 4735 1624 4796 lti.
1645 4757 1692 4797 nr.
1712 4735 1768 4817 3:23
1792 4737 1868 4800 item
1886 4737 1961 4803 Joh.
1978 4739 2061 4826 Lyd.
2083 4739 2122 4804 de
2143 4762 2229 4804 rnen·

645 5005 661 5062 ¹)
681 4997 758 5053 Suid.
771 4997 826 5068 (ed.
839 4995 940 5058 Gales.)
955 5001 1088 5065 Τίγρητος,
1105 4995 1167 5047 cod.
1181 4993 1233 5048 ΒΕ
1250 4997 1379 5063 Τίγριδος.
1495 4995 1516 5062 ⁰)
1536 4993 1636 5049 (odiu.
1653 4995 1836 5066 ἀποηθιίριιν,
1853 5003 1924 5068 ιῖννιρ
1941 4999 2018 5064 τόγοι
2033 5001 2229 5072 ὀσφρανθῆναι·

642 5089 661 5148 ²)
682 5083 781 5138 Codin.
793 5081 808 5150 ri
820 5081 914 5152 abque
926 5088 977 5148 καί,
995 5081 1063 5135 item
1077 5079 1159 5132 codd.
1172 5079 1278 5133 Suidae.
1291 5080 1376 5133 ABE.
1444 5083 1487 5130 καὶ
1508 5079 1539 5131 ori
1556 5079 1610 5132 κατ’
1633 5079 1741 5134 coortas
1758 5086 1896 5152 ἐξέρχεται·
1915 5083 2003 5148 ὀλίγον
2021 5089 2047 5138 eil
2062 5086 2232 5156 ἀνερχόμενον

643 5169 664 5240 ³)
683 5168 762 5224 Suid.
780 5174 809 5220 et
825 5166 925 5220 Codin.
944 5166 1134 5230 notoncurt,
1152 5164 1202 5216 sed
1222 5181 1274 5218 om.
1294 5165 1377 5219 codd.
1444 5163 1525 5217 ἄνιισι
1536 5169 1578 5216 καὶ
1590 5165 1668 5218 πόλιν
1678 5165 1878 5220 ἀντανακλᾶται.

593 5253 697 5309 Snidae
710 5251 796 5306 ΑΒΕ.
1496 5253 1515 5312 ⁷)
1533 5249 1597 5303 Hao
1615 5267 1685 5304 voce
1701 5249 1797 5306 finitur
1814 5253 1920 5307 Suidno
1936 5261 2013 5308 nota.
2053 5253 2182 5310 Codinns
2202 5257 2230 5309 in

642 5339 664 5410 4)
682 5337 727 5391 Ita
743 5335 846 5403 codex,
863 5336 913 5390 sed
931 5351 946 5388 e
960 5333 1048 5389 Suida
1067 5339 1095 5388 et
1108 5332 1219 5388 Codino
1233 5335 1376 5404 eorrigen·
1445 5333 1602 5389 ed.Lamb.
1618 5335 1671 5388 sie:
1690 5337 1783 5390 καὶτὰ
1799 5337 1971 5408 νιιριεἉοιας
1989 5339 2075 5410 ὥσπερ
2084 5341 2173 5394 πάντα
2183 5340 2232 5394 ὀσ-

595 5424 661 5478 dum
673 5422 784 5476 videtur
792 5421 907 5489 Ἄορνον,
1445 5421 1602 5488 φραινόμινα
1623 5426 1726 5490 ιγθιίριι
1746 5421 1811 5488 πλὴν
1832 5425 1883 5474 τῶν
1903 5422 2044 5489 εὐνούχοιν,
2069 5426 2119 5480 scd
2141 5426 2232 5480 codex

645 5509 666 5576 ⁶)
684 5505 784 5560 Codin.
796 5503 853 5556 ὅστ’
866 5510 976 5569 ίνιίγιιον
987 5505 1050 5566 ζῶον
1062 5503 1134 5556 ἅπαν
1145 5509 1186 5556 καί
1200 5504 1321 5556 narrator.
1446 5503 1547 5558 Codinl
1561 5504 1715 5558 Vaticanus
1728 5505 1821 5576 pergit
1833 5510 1898 5572 λίγιι
1910 5523 2001 5580 usquc
2013 5508 2147 5575 εὐνούχων.
