<?xml version="1.0" encoding="UTF-8"?>
<!DOCTYPE html PUBLIC "-//W3C//DTD XHTML 1.0 Transitional//EN"
    "http://www.w3.org/TR/xhtml1/DTD/xhtml1-transitional.dtd">
<html xmlns="http://www.w3.org/1999/xhtml" xml:lang="en" lang="en">
 <head>
  <title>
</title>
<meta http-equiv="Content-Type" content="text/html;charset=utf-8" />
  <meta name='ocr-system' content='tesseract 3.04.00' />
  <meta name='ocr-capabilities' content='ocr_page ocr_carea ocr_par ocr_line ocrx_word'/>
</head>
<body>
  <div class='ocr_page' id='page_1' title='image "anecdotasacraet01tiscgoog_0086.png"; bbox 0 0 5244 6618; ppageno 0'>
   <div class='ocr_carea' id='block_1_1' title="bbox 2022 624 2064 690">
    <p class='ocr_par' dir='ltr' id='par_1_1' title="bbox 2022 624 2064 690">
     <span class='ocr_line' id='line_1_1' title="bbox 2022 624 2064 690; baseline 0.048 -2"><span class='ocrx_word' id='word_1_1' title='bbox 2022 624 2064 690; x_wconf 81' lang='lat'>65</span> 
     </span>
    </p>
   </div>
   <div class='ocr_carea' id='block_1_2' title="bbox 414 828 2065 1936">
    <p class='ocr_par' dir='ltr' id='par_1_2' title="bbox 414 828 2065 1790">
     <span class='ocr_line' id='line_1_2' title="bbox 417 828 2065 915; baseline -0.003 -17"><span class='ocrx_word' id='word_1_2' title='bbox 417 834 564 900; x_wconf 82' lang='lat' dir='ltr'>codicem</span> <span class='ocrx_word' id='word_1_3' title='bbox 586 831 746 898; x_wconf 90' lang='lat' dir='ltr'>eiusmodi</span> <span class='ocrx_word' id='word_1_4' title='bbox 769 833 883 896; x_wconf 89' lang='lat' dir='ltr'>factae.</span> <span class='ocrx_word' id='word_1_5' title='bbox 930 829 1023 912; x_wconf 81' lang='lat' dir='ltr'>Quae</span> <span class='ocrx_word' id='word_1_6' title='bbox 1045 831 1160 895; x_wconf 91' lang='lat' dir='ltr'>notitia</span> <span class='ocrx_word' id='word_1_7' title='bbox 1183 830 1261 894; x_wconf 87' lang='lat' dir='ltr'>satis</span> <span class='ocrx_word' id='word_1_8' title='bbox 1281 828 1499 894; x_wconf 90' lang='lat' dir='ltr'>memorabilis</span> <span class='ocrx_word' id='word_1_9' title='bbox 1521 837 1579 912; x_wconf 87' lang='lat' dir='ltr'>est,</span> <span class='ocrx_word' id='word_1_10' title='bbox 1602 831 1666 894; x_wconf 89' lang='lat' dir='ltr'>nisi</span> <span class='ocrx_word' id='word_1_11' title='bbox 1686 828 1773 915; x_wconf 91' lang='lat' dir='ltr'>quod</span> <span class='ocrx_word' id='word_1_12' title='bbox 1788 851 1853 894; x_wconf 91' lang='lat' dir='ltr'>non</span> <span class='ocrx_word' id='word_1_13' title='bbox 1869 830 1948 894; x_wconf 90' lang='lat' dir='ltr'>satis</span> <span class='ocrx_word' id='word_1_14' title='bbox 1964 828 2065 915; x_wconf 89' lang='lat' dir='ltr'>liquet</span> 
     </span>
     <span class='ocr_line' id='line_1_3' title="bbox 418 955 2063 1048; baseline -0.002 -22"><span class='ocrx_word' id='word_1_15' title='bbox 418 985 513 1048; x_wconf 89' lang='lat' dir='ltr'>quem</span> <span class='ocrx_word' id='word_1_16' title='bbox 532 983 666 1026; x_wconf 89' lang='lat' dir='ltr'>numum</span> <span class='ocrx_word' id='word_1_17' title='bbox 685 961 847 1046; x_wconf 86' lang='lat' dir='ltr'>significet</span> <span class='ocrx_word' id='word_1_18' title='bbox 866 969 944 1024; x_wconf 92' lang='lat' dir='ltr'>nota</span> <span class='ocrx_word' id='word_1_19' title='bbox 964 960 1072 1024; x_wconf 81' lang='lat' dir='ltr'>sexies</span> <span class='ocrx_word' id='word_1_20' title='bbox 1092 959 1242 1044; x_wconf 89' lang='lat' dir='ltr'>repetita,</span> <span class='ocrx_word' id='word_1_21' title='bbox 1265 979 1370 1044; x_wconf 88' lang='lat' dir='ltr'>neque</span> <span class='ocrx_word' id='word_1_22' title='bbox 1386 956 1451 1022; x_wconf 89' lang='lat' dir='ltr'>alia</span> <span class='ocrx_word' id='word_1_23' title='bbox 1464 979 1600 1044; x_wconf 88' lang='lat' dir='ltr'>prorsus</span> <span class='ocrx_word' id='word_1_24' title='bbox 1618 955 1706 1021; x_wconf 89' lang='lat' dir='ltr'>clara</span> <span class='ocrx_word' id='word_1_25' title='bbox 1722 965 1805 1020; x_wconf 90' lang='lat' dir='ltr'>sunt.</span> <span class='ocrx_word' id='word_1_26' title='bbox 1850 956 1916 1022; x_wconf 85' lang='lat' dir='ltr'>Sed</span> <span class='ocrx_word' id='word_1_27' title='bbox 1931 957 1965 1022; x_wconf 92' lang='lat' dir='ltr'>id</span> <span class='ocrx_word' id='word_1_28' title='bbox 1980 957 2063 1023; x_wconf 89' lang='lat' dir='ltr'>alios</span> 
     </span>
     <span class='ocr_line' id='line_1_4' title="bbox 418 1081 2064 1174; baseline -0.001 -22"><span class='ocrx_word' id='word_1_29' title='bbox 418 1089 562 1154; x_wconf 85' lang='lat' dir='ltr'>dicturos</span> <span class='ocrx_word' id='word_1_30' title='bbox 586 1109 661 1174; x_wconf 87' lang='lat' dir='ltr'>spes</span> <span class='ocrx_word' id='word_1_31' title='bbox 686 1097 744 1152; x_wconf 87' lang='lat' dir='ltr'>est.</span> <span class='ocrx_word' id='word_1_32' title='bbox 789 1087 914 1152; x_wconf 85' lang='lat' dir='ltr'>Textus</span> <span class='ocrx_word' id='word_1_33' title='bbox 936 1089 984 1151; x_wconf 84' lang='lat' dir='ltr'>sic</span> <span class='ocrx_word' id='word_1_34' title='bbox 1003 1085 1115 1152; x_wconf 85' lang='lat' dir='ltr'>habet:</span> <span class='ocrx_word' id='word_1_35' title='bbox 1139 1085 1155 1170; x_wconf 78' lang='grc' dir='ltr'><em>ὴ</em></span> <span class='ocrx_word' id='word_1_36' title='bbox 1175 1083 1205 1151; x_wconf 84' lang='lat' dir='ltr'>di</span> <span class='ocrx_word' id='word_1_37' title='bbox 1223 1091 1438 1170; x_wconf 78' lang='grc' dir='ltr'><strong><em>καταβληθεῑσα</em></strong></span> <span class='ocrx_word' id='word_1_38' title='bbox 1458 1087 1552 1163; x_wconf 76' lang='grc' dir='ltr'><em>ἔξοδος</em></span> <span class='ocrx_word' id='word_1_39' title='bbox 1571 1087 1610 1158; x_wconf 76' lang='grc' dir='ltr'>εἰς</span> <span class='ocrx_word' id='word_1_40' title='bbox 1623 1085 1655 1152; x_wconf 78' lang='grc' dir='ltr'>τὸ</span> <span class='ocrx_word' id='word_1_41' title='bbox 1671 1090 1795 1151; x_wconf 59' lang='lat' dir='ltr'>sormam</span> <span class='ocrx_word' id='word_1_42' title='bbox 1810 1081 1888 1168; x_wconf 83' lang='grc' dir='ltr'><strong><em>ἇμοκ</em></strong></span> <span class='ocrx_word' id='word_1_43' title='bbox 1902 1086 2064 1170; x_wconf 75' lang='grc' dir='ltr'><strong><em>εεκραεωσίγ-</em></strong></span> 
     </span>
     <span class='ocr_line' id='line_1_5' title="bbox 417 1210 2064 1302; baseline -0.002 -20"><span class='ocrx_word' id='word_1_44' title='bbox 417 1224 502 1302; x_wconf 72' lang='grc' dir='ltr'>μείων,</span> <span class='ocrx_word' id='word_1_45' title='bbox 519 1218 572 1301; x_wconf 79' lang='grc' dir='ltr'><strong><em>ἔχει</em></strong></span> <span class='ocrx_word' id='word_1_46' title='bbox 587 1213 688 1289; x_wconf 73' lang='grc' dir='ltr'><strong><em>οὕτως·</em></strong></span> <span class='ocrx_word' id='word_1_47' title='bbox 713 1217 751 1289; x_wconf 64' lang='grc' dir='ltr'>εἰ,Ι</span> <span class='ocrx_word' id='word_1_48' title='bbox 764 1219 868 1300; x_wconf 83' lang='grc' dir='ltr'><strong><em>χαρκία</em></strong></span> <span class='ocrx_word' id='word_1_49' title='bbox 878 1249 889 1258; x_wconf 93' lang='grc'><strong><em>·</em></strong></span> <span class='ocrx_word' id='word_1_50' title='bbox 899 1251 910 1260; x_wconf 95' lang='grc'>-</span> <span class='ocrx_word' id='word_1_51' title='bbox 920 1250 931 1258; x_wconf 98' lang='grc'><strong>-</strong></span> <span class='ocrx_word' id='word_1_52' title='bbox 943 1213 968 1300; x_wconf 91' lang='grc'><strong>4)</strong></span> <span class='ocrx_word' id='word_1_53' title='bbox 986 1217 1124 1298; x_wconf 81' lang='grc' dir='ltr'><strong><em>δεκατρία·</em></strong></span> <span class='ocrx_word' id='word_1_54' title='bbox 1148 1215 1186 1287; x_wconf 65' lang='grc' dir='ltr'>είς</span> <span class='ocrx_word' id='word_1_55' title='bbox 1201 1213 1362 1297; x_wconf 77' lang='grc' dir='ltr'><strong><em>γρσίιμιμοκ·</em></strong></span> <span class='ocrx_word' id='word_1_56' title='bbox 1372 1247 1404 1257; x_wconf 95' lang='grc'>-·</span> <span class='ocrx_word' id='word_1_57' title='bbox 1419 1213 1572 1277; x_wconf 78' lang='grc' dir='ltr'><strong><em>δεκαοκτώ·</em></strong></span> <span class='ocrx_word' id='word_1_58' title='bbox 1595 1214 1634 1286; x_wconf 83' lang='grc' dir='ltr'>είς</span> <span class='ocrx_word' id='word_1_59' title='bbox 1647 1214 1832 1295; x_wconf 79' lang='grc' dir='ltr'><strong><em>κεφαλαίωμα</em></strong></span> <span class='ocrx_word' id='word_1_60' title='bbox 1846 1210 1894 1276; x_wconf 76' lang='grc' dir='ltr'><strong><em>καί,</em></strong></span> <span class='ocrx_word' id='word_1_61' title='bbox 1908 1213 1955 1278; x_wconf 79' lang='grc' dir='ltr'>διὰ</span> <span class='ocrx_word' id='word_1_62' title='bbox 1969 1217 2064 1290; x_wconf 61' lang='lat' dir='ltr'>iaica-</span> 
     </span>
     <span class='ocr_line' id='line_1_6' title="bbox 415 1339 2062 1440; baseline -0.002 -30"><span class='ocrx_word' id='word_1_63' title='bbox 415 1349 475 1427; x_wconf 81' lang='grc' dir='ltr'><strong><em>ρίου</em></strong></span> <span class='ocrx_word' id='word_1_64' title='bbox 495 1344 613 1428; x_wconf 81' lang='grc' dir='ltr'><strong><em>ἄκωγμα</em></strong></span> <span class='ocrx_word' id='word_1_65' title='bbox 632 1349 689 1409; x_wconf 77' lang='grc' dir='ltr'>τῶν</span> <span class='ocrx_word' id='word_1_66' title='bbox 708 1345 889 1426; x_wconf 55' lang='lat' dir='ltr'>singulibu-</span> <span class='ocrx_word' id='word_1_67' title='bbox 900 1379 910 1388; x_wconf 94' lang='lat'><em>·</em></span> <span class='ocrx_word' id='word_1_68' title='bbox 921 1378 932 1386; x_wconf 94' lang='lat'>·</span> <span class='ocrx_word' id='word_1_69' title='bbox 942 1393 947 1404; x_wconf 94' lang='lat'>.</span> <span class='ocrx_word' id='word_1_70' title='bbox 958 1393 963 1405; x_wconf 96' lang='lat'><em>.</em></span> <span class='ocrx_word' id='word_1_71' title='bbox 974 1393 980 1406; x_wconf 91' lang='lat'><strong>.</strong></span> <span class='ocrx_word' id='word_1_72' title='bbox 992 1340 1031 1428; x_wconf 76' lang='grc'>,4)</span> <span class='ocrx_word' id='word_1_73' title='bbox 1055 1343 1093 1414; x_wconf 80' lang='grc' dir='ltr'>εἰς</span> <span class='ocrx_word' id='word_1_74' title='bbox 1111 1340 1246 1425; x_wconf 76' lang='grc' dir='ltr'><strong><em>χρίσωμα</em></strong></span> <span class='ocrx_word' id='word_1_75' title='bbox 1255 1346 1317 1440; x_wconf 64' lang='grc' dir='ltr'>μῶν</span> <span class='ocrx_word' id='word_1_76' title='bbox 1331 1343 1492 1424; x_wconf 74' lang='grc' dir='ltr'><strong><em>κεφαλαίων</em></strong></span> <span class='ocrx_word' id='word_1_77' title='bbox 1506 1339 1554 1405; x_wconf 76' lang='grc' dir='ltr'><strong><em>καὶ</em></strong></span> <span class='ocrx_word' id='word_1_78' title='bbox 1567 1346 1623 1405; x_wconf 74' lang='grc' dir='ltr'>τῶν</span> <span class='ocrx_word' id='word_1_79' title='bbox 1646 1341 1807 1424; x_wconf 74' lang='grc' dir='ltr'><strong><em>ἐπιγραφῶν</em></strong></span> <span class='ocrx_word' id='word_1_80' title='bbox 1826 1344 1876 1404; x_wconf 77' lang='grc' dir='ltr'>τοῦ</span> <span class='ocrx_word' id='word_1_81' title='bbox 1894 1339 2062 1423; x_wconf 72' lang='grc' dir='ltr'><strong><em>ἀρχοεελῶυ,</em></strong></span> 
     </span>
     <span class='ocr_line' id='line_1_7' title="bbox 415 1443 2065 1556; baseline -0.002 -20"><span class='ocrx_word' id='word_1_82' title='bbox 415 1474 526 1556; x_wconf 69' lang='lat' dir='ltr'>(plania</span> <span class='ocrx_word' id='word_1_83' title='bbox 541 1473 693 1536; x_wconf 65' lang='lat' dir='ltr'>deonerari·</span> <span class='ocrx_word' id='word_1_84' title='bbox 716 1473 847 1544; x_wconf 76' lang='grc' dir='ltr'><strong><em>ἱστῶντα,</em></strong></span> <span class='ocrx_word' id='word_1_85' title='bbox 867 1471 965 1554; x_wconf 58' lang='lat' dir='ltr'>dicipi-u</span> <span class='ocrx_word' id='word_1_86' title='bbox 984 1471 1184 1552; x_wconf 79' lang='grc' dir='ltr'><strong><em>δεκατέσσαρα,</em></strong></span> <span class='ocrx_word' id='word_1_87' title='bbox 1203 1443 1345 1552; x_wconf 50' lang='lat' dir='ltr'>xgxsw,</span> <span class='ocrx_word' id='word_1_88' title='bbox 1368 1467 1490 1553; x_wconf 60' lang='lat' dir='ltr'>drot-0</span> <span class='ocrx_word' id='word_1_89' title='bbox 1507 1468 1793 1552; x_wconf 74' lang='grc' dir='ltr'><strong><em>τριωισκκατείτσαρα·</em></strong></span> <span class='ocrx_word' id='word_1_90' title='bbox 1813 1468 1852 1540; x_wconf 83' lang='grc' dir='ltr'>εἰς</span> <span class='ocrx_word' id='word_1_91' title='bbox 1863 1469 2001 1550; x_wconf 75' lang='grc' dir='ltr'><strong><em>μίσθωμα</em></strong></span> <span class='ocrx_word' id='word_1_92' title='bbox 2015 1473 2065 1533; x_wconf 75' lang='lat' dir='ltr'>aod</span> 
     </span>
     <span class='ocr_line' id='line_1_8' title="bbox 414 1591 2063 1683; baseline -0.004 -19"><span class='ocrx_word' id='word_1_93' title='bbox 414 1599 608 1683; x_wconf 75' lang='grc' dir='ltr'><strong><em>χρυσογράφσυ</em></strong></span> <span class='ocrx_word' id='word_1_94' title='bbox 693 1598 778 1665; x_wconf 75' lang='grc' dir='ltr'><strong><em>ὀκτώ·</em></strong></span> <span class='ocrx_word' id='word_1_95' title='bbox 795 1599 834 1671; x_wconf 74' lang='grc' dir='ltr'>εἰς</span> <span class='ocrx_word' id='word_1_96' title='bbox 848 1599 985 1682; x_wconf 82' lang='grc' dir='ltr'><strong><em>στάχωμα</em></strong></span> <span class='ocrx_word' id='word_1_97' title='bbox 1072 1593 1180 1680; x_wconf 88' lang='grc'><strong>...4).</strong></span> <span class='ocrx_word' id='word_1_98' title='bbox 1210 1594 1362 1660; x_wconf 77' lang='lat' dir='ltr'>Ceterum</span> <span class='ocrx_word' id='word_1_99' title='bbox 1378 1603 1530 1682; x_wconf 90' lang='lat' dir='ltr'>quattuor</span> <span class='ocrx_word' id='word_1_100' title='bbox 1544 1617 1660 1658; x_wconf 88' lang='lat' dir='ltr'>versus</span> <span class='ocrx_word' id='word_1_101' title='bbox 1676 1591 1827 1658; x_wconf 83' lang='lat' dir='ltr'>faosimili</span> <span class='ocrx_word' id='word_1_102' title='bbox 1842 1595 2063 1680; x_wconf 81' lang='lat' dir='ltr'>expressimus</span> 
     </span>
     <span class='ocr_line' id='line_1_9' title="bbox 416 1724 754 1790; baseline -0.009 0"><span class='ocrx_word' id='word_1_103' title='bbox 416 1725 481 1790; x_wconf 88' lang='lat' dir='ltr'>tab.</span> <span class='ocrx_word' id='word_1_104' title='bbox 496 1725 540 1790; x_wconf 93' lang='lat' dir='ltr'>Il.</span> <span class='ocrx_word' id='word_1_105' title='bbox 556 1749 603 1790; x_wconf 89' lang='lat' dir='ltr'>nr.</span> <span class='ocrx_word' id='word_1_106' title='bbox 619 1724 695 1789; x_wconf 87' lang='lat' dir='ltr'>XII.</span> <span class='ocrx_word' id='word_1_107' title='bbox 712 1725 754 1788; x_wconf 93' lang='lat' dir='ltr'>D.</span> 
     </span>
    </p>

    <p class='ocr_par' dir='ltr' id='par_1_3' title="bbox 521 1848 2064 1936">
     <span class='ocr_line' id='line_1_10' title="bbox 521 1848 2064 1936; baseline -0.001 -21"><span class='ocrx_word' id='word_1_108' title='bbox 521 1852 569 1916; x_wconf 85' lang='lat' dir='ltr'>E:</span> <span class='ocrx_word' id='word_1_109' title='bbox 597 1851 676 1916; x_wconf 89' lang='lat' dir='ltr'>folia</span> <span class='ocrx_word' id='word_1_110' title='bbox 698 1861 850 1936; x_wconf 90' lang='lat' dir='ltr'>quattuor</span> <span class='ocrx_word' id='word_1_111' title='bbox 874 1851 1046 1916; x_wconf 86' lang='lat' dir='ltr'>chartacea</span> <span class='ocrx_word' id='word_1_112' title='bbox 1070 1851 1164 1915; x_wconf 87' lang='lat' dir='ltr'>form.</span> <span class='ocrx_word' id='word_1_113' title='bbox 1184 1849 1214 1913; x_wconf 89' lang='grc'><strong>4.</strong></span> <span class='ocrx_word' id='word_1_114' title='bbox 1236 1872 1309 1914; x_wconf 91' lang='lat' dir='ltr'>cum</span> <span class='ocrx_word' id='word_1_115' title='bbox 1328 1848 1520 1934; x_wconf 80' lang='lat' dir='ltr'>fragmentis</span> <span class='ocrx_word' id='word_1_116' title='bbox 1545 1849 1691 1931; x_wconf 82' lang='lat' dir='ltr'>musicis,</span> <span class='ocrx_word' id='word_1_117' title='bbox 1718 1848 1840 1914; x_wconf 85' lang='lat' dir='ltr'>saeculi</span> <span class='ocrx_word' id='word_1_118' title='bbox 1858 1849 1927 1914; x_wconf 83' lang='lat' dir='ltr'>fere</span> <span class='ocrx_word' id='word_1_119' title='bbox 1947 1849 2064 1914; x_wconf 81' lang='lat' dir='ltr'>decimi</span> 
     </span>
    </p>
   </div>
   <div class='ocr_carea' id='block_1_3' title="bbox 417 1979 705 2066">
    <p class='ocr_par' dir='ltr' id='par_1_4' title="bbox 417 1979 705 2066">
     <span class='ocr_line' id='line_1_11' title="bbox 417 1979 705 2066; baseline -0.01 -21"><span class='ocrx_word' id='word_1_120' title='bbox 417 1982 519 2066; x_wconf 90' lang='lat' dir='ltr'>quinti</span> <span class='ocrx_word' id='word_1_121' title='bbox 541 1979 593 2044; x_wconf 87' lang='lat' dir='ltr'>vel</span> <span class='ocrx_word' id='word_1_122' title='bbox 613 1981 705 2044; x_wconf 86' lang='lat' dir='ltr'>sexti.</span> 
     </span>
    </p>
   </div>
   <div class='ocr_carea' id='block_1_4' title="bbox 1074 2152 1405 2219">
    <p class='ocr_par' dir='ltr' id='par_1_5' title="bbox 1074 2152 1405 2219">
     <span class='ocr_line' id='line_1_12' title="bbox 1074 2152 1405 2219; baseline -0.006 0"><span class='ocrx_word' id='word_1_123' title='bbox 1074 2156 1113 2219; x_wconf 93' lang='lat' dir='ltr'>B.</span> <span class='ocrx_word' id='word_1_124' title='bbox 1158 2152 1405 2219; x_wconf 84' lang='lat' dir='ltr'>SYRIACA.</span> 
     </span>
    </p>
   </div>
   <div class='ocr_carea' id='block_1_5' title="bbox 376 2357 2066 5122">
    <p class='ocr_par' dir='ltr' id='par_1_6' title="bbox 376 2357 2066 5122">
     <span class='ocr_line' id='line_1_13' title="bbox 523 2357 2061 2446; baseline -0.001 -20"><span class='ocrx_word' id='word_1_125' title='bbox 523 2362 611 2426; x_wconf 86' lang='lat' dir='ltr'>Cod.</span> <span class='ocrx_word' id='word_1_126' title='bbox 636 2360 762 2425; x_wconf 88' lang='lat' dir='ltr'>Tisch.</span> <span class='ocrx_word' id='word_1_127' title='bbox 786 2359 860 2424; x_wconf 84' lang='lat' dir='ltr'>XII.</span> <span class='ocrx_word' id='word_1_128' title='bbox 885 2357 1151 2424; x_wconf 89' lang='lat' dir='ltr'>membranaceus</span> <span class='ocrx_word' id='word_1_129' title='bbox 1168 2358 1320 2424; x_wconf 83' lang='lat' dir='ltr'>foliorum</span> <span class='ocrx_word' id='word_1_130' title='bbox 1338 2359 1399 2423; x_wconf 89' lang='lat'>130</span> <span class='ocrx_word' id='word_1_131' title='bbox 1413 2361 1447 2422; x_wconf 92' lang='lat' dir='ltr'>in</span> <span class='ocrx_word' id='word_1_132' title='bbox 1461 2358 1505 2421; x_wconf 84' lang='lat'>4⁰</span> <span class='ocrx_word' id='word_1_133' title='bbox 1518 2359 1643 2423; x_wconf 90' lang='lat' dir='ltr'>maiori.</span> <span class='ocrx_word' id='word_1_134' title='bbox 1686 2358 1748 2423; x_wconf 85' lang='lat' dir='ltr'>Est</span> <span class='ocrx_word' id='word_1_135' title='bbox 1762 2357 1927 2444; x_wconf 83' lang='lat' dir='ltr'>bilinguis,</span> <span class='ocrx_word' id='word_1_136' title='bbox 1947 2361 2061 2446; x_wconf 89' lang='lat' dir='ltr'>quavis</span> 
     </span>
     <span class='ocr_line' id='line_1_14' title="bbox 402 2479 2065 2576; baseline -0.001 -21"><span class='ocrx_word' id='word_1_137' title='bbox 402 2479 537 2576; x_wconf 35' lang='lat' dir='ltr'>&#39;pagina</span> <span class='ocrx_word' id='word_1_138' title='bbox 552 2488 677 2554; x_wconf 91' lang='lat' dir='ltr'>duabus</span> <span class='ocrx_word' id='word_1_139' title='bbox 695 2487 864 2568; x_wconf 90' lang='lat' dir='ltr'>columnis,</span> <span class='ocrx_word' id='word_1_140' title='bbox 881 2486 984 2551; x_wconf 86' lang='lat' dir='ltr'>altera</span> <span class='ocrx_word' id='word_1_141' title='bbox 999 2486 1141 2572; x_wconf 78' lang='lat' dir='ltr'>Syrisce,</span> <span class='ocrx_word' id='word_1_142' title='bbox 1158 2485 1261 2551; x_wconf 89' lang='lat' dir='ltr'>altera</span> <span class='ocrx_word' id='word_1_143' title='bbox 1274 2483 1426 2568; x_wconf 86' lang='lat' dir='ltr'>Arabica,</span> <span class='ocrx_word' id='word_1_144' title='bbox 1444 2486 1594 2573; x_wconf 86' lang='lat' dir='ltr'>scriptus.</span> <span class='ocrx_word' id='word_1_145' title='bbox 1634 2482 1831 2550; x_wconf 78' lang='lat' dir='ltr'>Continebat</span> <span class='ocrx_word' id='word_1_146' title='bbox 1846 2485 1922 2551; x_wconf 90' lang='lat' dir='ltr'>olim</span> <span class='ocrx_word' id='word_1_147' title='bbox 1937 2489 2065 2572; x_wconf 89' lang='lat' dir='ltr'>integra</span> 
     </span>
     <span class='ocr_line' id='line_1_15' title="bbox 416 2611 2064 2704; baseline -0.002 -22"><span class='ocrx_word' id='word_1_148' title='bbox 416 2626 568 2704; x_wconf 90' lang='lat' dir='ltr'>quattuor</span> <span class='ocrx_word' id='word_1_149' title='bbox 583 2615 766 2700; x_wconf 75' lang='lat' dir='ltr'>evangelia,</span> <span class='ocrx_word' id='word_1_150' title='bbox 783 2617 960 2680; x_wconf 88' lang='lat' dir='ltr'>etiamnum</span> <span class='ocrx_word' id='word_1_151' title='bbox 976 2622 1152 2700; x_wconf 84' lang='lat' dir='ltr'>supersunt</span> <span class='ocrx_word' id='word_1_152' title='bbox 1166 2613 1270 2678; x_wconf 89' lang='lat' dir='ltr'>Marci</span> <span class='ocrx_word' id='word_1_153' title='bbox 1286 2623 1318 2678; x_wconf 86' lang='lat' dir='ltr'>et</span> <span class='ocrx_word' id='word_1_154' title='bbox 1328 2613 1440 2678; x_wconf 82' lang='lat' dir='ltr'>Lucae</span> <span class='ocrx_word' id='word_1_155' title='bbox 1455 2611 1531 2677; x_wconf 87' lang='lat' dir='ltr'>libri</span> <span class='ocrx_word' id='word_1_156' title='bbox 1545 2613 1677 2696; x_wconf 82' lang='lat' dir='ltr'>integri,</span> <span class='ocrx_word' id='word_1_157' title='bbox 1693 2614 1771 2678; x_wconf 91' lang='lat' dir='ltr'>item</span> <span class='ocrx_word' id='word_1_158' title='bbox 1785 2613 1898 2690; x_wconf 84' lang='lat' dir='ltr'>Matth.</span> <span class='ocrx_word' id='word_1_159' title='bbox 1916 2615 1965 2698; x_wconf 82' lang='lat'>17,</span> <span class='ocrx_word' id='word_1_160' title='bbox 1983 2615 2064 2678; x_wconf 84' lang='lat'>13-</span> 
     </span>
     <span class='ocr_line' id='line_1_16' title="bbox 416 2737 2063 2828; baseline -0.002 -20"><span class='ocrx_word' id='word_1_161' title='bbox 416 2746 466 2827; x_wconf 93' lang='grc'>22,</span> <span class='ocrx_word' id='word_1_162' title='bbox 487 2747 516 2810; x_wconf 88' lang='grc'><strong>3.</strong></span> <span class='ocrx_word' id='word_1_163' title='bbox 538 2739 607 2828; x_wconf 90' lang='lat' dir='ltr'>(fol.</span> <span class='ocrx_word' id='word_1_164' title='bbox 623 2745 652 2808; x_wconf 84' lang='lat'>8.</span> <span class='ocrx_word' id='word_1_165' title='bbox 673 2739 826 2828; x_wconf 88' lang='lat' dir='ltr'>exeunte)</span> <span class='ocrx_word' id='word_1_166' title='bbox 847 2741 897 2824; x_wconf 92' lang='grc'>22,</span> <span class='ocrx_word' id='word_1_167' title='bbox 914 2741 956 2805; x_wconf 91' lang='grc'>24</span> <span class='ocrx_word' id='word_1_168' title='bbox 977 2737 1046 2828; x_wconf 87' lang='lat' dir='ltr'>(fol.</span> <span class='ocrx_word' id='word_1_169' title='bbox 1064 2739 1108 2828; x_wconf 89' lang='grc'><strong>9.)</strong></span> <span class='ocrx_word' id='word_1_170' title='bbox 1129 2763 1232 2828; x_wconf 89' lang='lat' dir='ltr'>usque</span> <span class='ocrx_word' id='word_1_171' title='bbox 1251 2740 1349 2805; x_wconf 90' lang='lat' dir='ltr'>finem</span> <span class='ocrx_word' id='word_1_172' title='bbox 1370 2740 1546 2825; x_wconf 80' lang='lat' dir='ltr'>evangelii3</span> <span class='ocrx_word' id='word_1_173' title='bbox 1576 2739 1651 2806; x_wconf 91' lang='lat' dir='ltr'>Jch.</span> <span class='ocrx_word' id='word_1_174' title='bbox 1669 2741 1701 2822; x_wconf 89' lang='lat'>1,</span> <span class='ocrx_word' id='word_1_175' title='bbox 1724 2741 1887 2824; x_wconf 82' lang='lat'>1-8,58.</span> <span class='ocrx_word' id='word_1_176' title='bbox 1906 2742 1959 2824; x_wconf 91' lang='grc'>10,</span> <span class='ocrx_word' id='word_1_177' title='bbox 1980 2743 2063 2806; x_wconf 85' lang='grc'>41-</span> 
     </span>
     <span class='ocr_line' id='line_1_17' title="bbox 418 2865 2063 2956; baseline 0 -21"><span class='ocrx_word' id='word_1_178' title='bbox 418 2873 466 2955; x_wconf 92' lang='grc'>11,</span> <span class='ocrx_word' id='word_1_179' title='bbox 482 2871 533 2936; x_wconf 88' lang='grc'>44.</span> <span class='ocrx_word' id='word_1_180' title='bbox 577 2871 635 2935; x_wconf 89' lang='lat' dir='ltr'>Bis</span> <span class='ocrx_word' id='word_1_181' title='bbox 653 2871 773 2935; x_wconf 87' lang='lat' dir='ltr'>erravit</span> <span class='ocrx_word' id='word_1_182' title='bbox 787 2868 977 2956; x_wconf 84' lang='lat' dir='ltr'>bibliopega</span> <span class='ocrx_word' id='word_1_183' title='bbox 991 2870 1024 2934; x_wconf 91' lang='lat' dir='ltr'>in</span> <span class='ocrx_word' id='word_1_184' title='bbox 1040 2867 1192 2934; x_wconf 83' lang='lat' dir='ltr'>foliorum</span> <span class='ocrx_word' id='word_1_185' title='bbox 1209 2867 1331 2952; x_wconf 92' lang='lat' dir='ltr'>ordine,</span> <span class='ocrx_word' id='word_1_186' title='bbox 1348 2867 1511 2932; x_wconf 87' lang='lat' dir='ltr'>collocans</span> <span class='ocrx_word' id='word_1_187' title='bbox 1526 2867 1607 2932; x_wconf 92' lang='lat' dir='ltr'>Luc.</span> <span class='ocrx_word' id='word_1_188' title='bbox 1623 2869 1651 2950; x_wconf 94' lang='grc'>1,</span> <span class='ocrx_word' id='word_1_189' title='bbox 1670 2868 1782 2952; x_wconf 82' lang='lat'>11—-5,</span> <span class='ocrx_word' id='word_1_190' title='bbox 1799 2871 1827 2934; x_wconf 89' lang='lat'>8.</span> <span class='ocrx_word' id='word_1_191' title='bbox 1846 2865 2063 2954; x_wconf 64' lang='lat' dir='ltr'>(soluo—78)</span> 
     </span>
     <span class='ocr_line' id='line_1_18' title="bbox 415 2991 2064 3086; baseline -0.002 -22"><span class='ocrx_word' id='word_1_192' title='bbox 415 3009 491 3086; x_wconf 90' lang='lat' dir='ltr'>post</span> <span class='ocrx_word' id='word_1_193' title='bbox 504 2999 534 3081; x_wconf 85' lang='lat'>5,</span> <span class='ocrx_word' id='word_1_194' title='bbox 555 2997 652 3080; x_wconf 83' lang='lat'>8-8,</span> <span class='ocrx_word' id='word_1_195' title='bbox 671 2997 713 3061; x_wconf 79' lang='grc'>52</span> <span class='ocrx_word' id='word_1_196' title='bbox 730 2994 797 3076; x_wconf 77' lang='lat' dir='ltr'>(fol.</span> <span class='ocrx_word' id='word_1_197' title='bbox 812 2993 968 3083; x_wconf 81' lang='lat'>59-68),</span> <span class='ocrx_word' id='word_1_198' title='bbox 990 3005 1022 3060; x_wconf 90' lang='lat' dir='ltr'>et</span> <span class='ocrx_word' id='word_1_199' title='bbox 1036 2995 1111 3061; x_wconf 90' lang='lat' dir='ltr'>Joh.</span> <span class='ocrx_word' id='word_1_200' title='bbox 1133 2995 1162 3079; x_wconf 90' lang='lat'>8,</span> <span class='ocrx_word' id='word_1_201' title='bbox 1181 2995 1296 3078; x_wconf 89' lang='grc'>41-8,</span> <span class='ocrx_word' id='word_1_202' title='bbox 1316 2995 1357 3060; x_wconf 81' lang='grc'>58</span> <span class='ocrx_word' id='word_1_203' title='bbox 1374 2994 1442 3074; x_wconf 87' lang='lat' dir='ltr'>(fol.</span> <span class='ocrx_word' id='word_1_204' title='bbox 1460 2992 1535 3082; x_wconf 87' lang='grc'>130)</span> <span class='ocrx_word' id='word_1_205' title='bbox 1551 3005 1627 3081; x_wconf 91' lang='lat' dir='ltr'>post</span> <span class='ocrx_word' id='word_1_206' title='bbox 1643 2994 1691 3078; x_wconf 92' lang='lat'>10,</span> <span class='ocrx_word' id='word_1_207' title='bbox 1707 2997 1843 3078; x_wconf 84' lang='lat'>41-11,</span> <span class='ocrx_word' id='word_1_208' title='bbox 1858 2997 1901 3060; x_wconf 88' lang='lat'>44</span> <span class='ocrx_word' id='word_1_209' title='bbox 1917 2991 1986 3082; x_wconf 81' lang='lat' dir='ltr'>(fol.</span> <span class='ocrx_word' id='word_1_210' title='bbox 2004 2996 2064 3060; x_wconf 91' lang='grc'>128</span> 
     </span>
     <span class='ocr_line' id='line_1_19' title="bbox 415 3121 2065 3212; baseline -0.002 -20"><span class='ocrx_word' id='word_1_211' title='bbox 415 3138 447 3192; x_wconf 90' lang='lat' dir='ltr'>et</span> <span class='ocrx_word' id='word_1_212' title='bbox 472 3128 563 3212; x_wconf 87' lang='lat' dir='ltr'>seq.).</span> <span class='ocrx_word' id='word_1_213' title='bbox 615 3124 716 3212; x_wconf 85' lang='lat' dir='ltr'>Syrus</span> <span class='ocrx_word' id='word_1_214' title='bbox 743 3133 852 3188; x_wconf 86' lang='lat' dir='ltr'>textus</span> <span class='ocrx_word' id='word_1_215' title='bbox 879 3124 965 3188; x_wconf 91' lang='lat' dir='ltr'>idem</span> <span class='ocrx_word' id='word_1_216' title='bbox 996 3133 1046 3188; x_wconf 90' lang='lat' dir='ltr'>est</span> <span class='ocrx_word' id='word_1_217' title='bbox 1076 3125 1130 3210; x_wconf 92' lang='lat' dir='ltr'>qui</span> <span class='ocrx_word' id='word_1_218' title='bbox 1160 3124 1290 3188; x_wconf 88' lang='lat' dir='ltr'>nornine</span> <span class='ocrx_word' id='word_1_219' title='bbox 1318 3121 1508 3188; x_wconf 87' lang='lat' dir='ltr'>Peschittho</span> <span class='ocrx_word' id='word_1_220' title='bbox 1537 3125 1605 3187; x_wconf 83' lang='lat' dir='ltr'>sive</span> <span class='ocrx_word' id='word_1_221' title='bbox 1629 3123 1785 3210; x_wconf 88' lang='lat' dir='ltr'>simplicis</span> <span class='ocrx_word' id='word_1_222' title='bbox 1808 3123 1974 3208; x_wconf 89' lang='lat' dir='ltr'>inclaruit,</span> <span class='ocrx_word' id='word_1_223' title='bbox 2004 3147 2065 3189; x_wconf 91' lang='lat' dir='ltr'>nec</span> 
     </span>
     <span class='ocr_line' id='line_1_20' title="bbox 415 3249 2065 3338; baseline -0.002 -18"><span class='ocrx_word' id='word_1_224' title='bbox 415 3255 592 3320; x_wconf 85' lang='lat' dir='ltr'>admodum</span> <span class='ocrx_word' id='word_1_225' title='bbox 607 3251 649 3316; x_wconf 90' lang='lat' dir='ltr'>ab</span> <span class='ocrx_word' id='word_1_226' title='bbox 666 3251 752 3316; x_wconf 92' lang='lat' dir='ltr'>edito</span> <span class='ocrx_word' id='word_1_227' title='bbox 769 3250 891 3334; x_wconf 72' lang='lat' dir='ltr'>differt,</span> <span class='ocrx_word' id='word_1_228' title='bbox 911 3251 1073 3316; x_wconf 89' lang='lat' dir='ltr'>Arabicus</span> <span class='ocrx_word' id='word_1_229' title='bbox 1090 3252 1159 3315; x_wconf 89' lang='lat' dir='ltr'>sine</span> <span class='ocrx_word' id='word_1_230' title='bbox 1175 3249 1273 3315; x_wconf 92' lang='lat' dir='ltr'>dubio</span> <span class='ocrx_word' id='word_1_231' title='bbox 1290 3273 1331 3315; x_wconf 85' lang='lat' dir='ltr'>ex</span> <span class='ocrx_word' id='word_1_232' title='bbox 1347 3249 1429 3337; x_wconf 86' lang='lat' dir='ltr'>Syro</span> <span class='ocrx_word' id='word_1_233' title='bbox 1444 3250 1621 3316; x_wconf 88' lang='lat' dir='ltr'>translatus</span> <span class='ocrx_word' id='word_1_234' title='bbox 1638 3260 1701 3315; x_wconf 90' lang='lat' dir='ltr'>est:</span> <span class='ocrx_word' id='word_1_235' title='bbox 1724 3273 1807 3336; x_wconf 90' lang='lat' dir='ltr'>quae</span> <span class='ocrx_word' id='word_1_236' title='bbox 1821 3273 1875 3316; x_wconf 90' lang='lat' dir='ltr'>res</span> <span class='ocrx_word' id='word_1_237' title='bbox 1889 3262 2065 3338; x_wconf 89' lang='lat' dir='ltr'>propterea</span> 
     </span>
     <span class='ocr_line' id='line_1_21' title="bbox 416 3376 2065 3468; baseline -0.001 -22"><span class='ocrx_word' id='word_1_238' title='bbox 416 3384 526 3468; x_wconf 88' lang='lat' dir='ltr'>gravis</span> <span class='ocrx_word' id='word_1_239' title='bbox 548 3389 611 3462; x_wconf 88' lang='lat' dir='ltr'>est,</span> <span class='ocrx_word' id='word_1_240' title='bbox 635 3377 723 3466; x_wconf 91' lang='lat' dir='ltr'>quod</span> <span class='ocrx_word' id='word_1_241' title='bbox 741 3378 885 3442; x_wconf 90' lang='lat' dir='ltr'>nondum</span> <span class='ocrx_word' id='word_1_242' title='bbox 905 3381 985 3442; x_wconf 89' lang='lat' dir='ltr'>satis</span> <span class='ocrx_word' id='word_1_243' title='bbox 1004 3377 1138 3464; x_wconf 88' lang='lat' dir='ltr'>probari</span> <span class='ocrx_word' id='word_1_244' title='bbox 1156 3387 1287 3464; x_wconf 90' lang='lat' dir='ltr'>poterat</span> <span class='ocrx_word' id='word_1_245' title='bbox 1305 3379 1407 3442; x_wconf 86' lang='lat' dir='ltr'>fuisse</span> <span class='ocrx_word' id='word_1_246' title='bbox 1424 3377 1500 3442; x_wconf 88' lang='lat' dir='ltr'>olim</span> <span class='ocrx_word' id='word_1_247' title='bbox 1520 3379 1604 3442; x_wconf 88' lang='lat' dir='ltr'>inter</span> <span class='ocrx_word' id='word_1_248' title='bbox 1618 3376 1747 3442; x_wconf 81' lang='lat' dir='ltr'>Arabes</span> <span class='ocrx_word' id='word_1_249' title='bbox 1768 3379 1822 3464; x_wconf 94' lang='lat' dir='ltr'>qui</span> <span class='ocrx_word' id='word_1_250' title='bbox 1838 3378 2009 3465; x_wconf 89' lang='lat' dir='ltr'>evangelia</span> <span class='ocrx_word' id='word_1_251' title='bbox 2024 3402 2065 3445; x_wconf 87' lang='lat' dir='ltr'>ex</span> 
     </span>
     <span class='ocr_line' id='line_1_22' title="bbox 415 3503 2063 3597; baseline -0.003 -22"><span class='ocrx_word' id='word_1_252' title='bbox 415 3511 498 3597; x_wconf 86' lang='lat' dir='ltr'>Syro</span> <span class='ocrx_word' id='word_1_253' title='bbox 530 3510 564 3573; x_wconf 92' lang='lat' dir='ltr'>in</span> <span class='ocrx_word' id='word_1_254' title='bbox 589 3506 735 3592; x_wconf 84' lang='lat' dir='ltr'>linguam</span> <span class='ocrx_word' id='word_1_255' title='bbox 761 3505 970 3570; x_wconf 86' lang='lat' dir='ltr'>vernaculam</span> <span class='ocrx_word' id='word_1_256' title='bbox 997 3507 1199 3570; x_wconf 84' lang='lat' dir='ltr'>transferret.</span> <span class='ocrx_word' id='word_1_257' title='bbox 1251 3505 1313 3570; x_wconf 88' lang='lat' dir='ltr'>Est</span> <span class='ocrx_word' id='word_1_258' title='bbox 1340 3513 1448 3570; x_wconf 84' lang='lat' dir='ltr'>textus</span> <span class='ocrx_word' id='word_1_259' title='bbox 1474 3506 1537 3570; x_wconf 92' lang='lat' dir='ltr'>iste</span> <span class='ocrx_word' id='word_1_260' title='bbox 1563 3503 1726 3570; x_wconf 87' lang='lat' dir='ltr'>Arabicus</span> <span class='ocrx_word' id='word_1_261' title='bbox 1756 3505 1834 3570; x_wconf 91' lang='lat' dir='ltr'>boni</span> <span class='ocrx_word' id='word_1_262' title='bbox 1868 3507 2063 3592; x_wconf 83' lang='lat' dir='ltr'>interpretis,</span> 
     </span>
     <span class='ocr_line' id='line_1_23' title="bbox 416 3630 2064 3725; baseline -0.004 -21"><span class='ocrx_word' id='word_1_263' title='bbox 416 3639 586 3725; x_wconf 84' lang='lat' dir='ltr'>Syriacum</span> <span class='ocrx_word' id='word_1_264' title='bbox 604 3633 744 3699; x_wconf 87' lang='lat' dir='ltr'>fideliter</span> <span class='ocrx_word' id='word_1_265' title='bbox 764 3632 822 3698; x_wconf 87' lang='lat' dir='ltr'>sed</span> <span class='ocrx_word' id='word_1_266' title='bbox 841 3654 905 3697; x_wconf 90' lang='lat' dir='ltr'>non</span> <span class='ocrx_word' id='word_1_267' title='bbox 929 3655 1001 3696; x_wconf 89' lang='lat' dir='ltr'>cum</span> <span class='ocrx_word' id='word_1_268' title='bbox 1016 3630 1167 3718; x_wconf 92' lang='lat' dir='ltr'>improba</span> <span class='ocrx_word' id='word_1_269' title='bbox 1189 3633 1353 3698; x_wconf 82' lang='lat' dir='ltr'>anxietate</span> <span class='ocrx_word' id='word_1_270' title='bbox 1368 3631 1550 3714; x_wconf 89' lang='lat' dir='ltr'>reddentis,</span> <span class='ocrx_word' id='word_1_271' title='bbox 1569 3654 1705 3718; x_wconf 89' lang='lat' dir='ltr'>perraro</span> <span class='ocrx_word' id='word_1_272' title='bbox 1720 3631 1917 3718; x_wconf 87' lang='lat' dir='ltr'>paraphrasi</span> <span class='ocrx_word' id='word_1_273' title='bbox 1934 3635 2064 3698; x_wconf 91' lang='lat' dir='ltr'>utentis.</span> 
     </span>
     <span class='ocr_line' id='line_1_24' title="bbox 414 3758 2064 3846; baseline -0.004 -15"><span class='ocrx_word' id='word_1_274' title='bbox 414 3767 468 3831; x_wconf 92' lang='lat' dir='ltr'>Ad</span> <span class='ocrx_word' id='word_1_275' title='bbox 490 3762 708 3830; x_wconf 89' lang='lat' dir='ltr'>definiendam</span> <span class='ocrx_word' id='word_1_276' title='bbox 733 3761 803 3824; x_wconf 88' lang='lat' dir='ltr'>eius</span> <span class='ocrx_word' id='word_1_277' title='bbox 825 3759 1102 3846; x_wconf 84' lang='lat' dir='ltr'>interpretationis</span> <span class='ocrx_word' id='word_1_278' title='bbox 1124 3768 1263 3824; x_wconf 86' lang='lat' dir='ltr'>aetatem</span> <span class='ocrx_word' id='word_1_279' title='bbox 1286 3759 1365 3824; x_wconf 86' lang='lat' dir='ltr'>facit</span> <span class='ocrx_word' id='word_1_280' title='bbox 1388 3758 1476 3845; x_wconf 89' lang='lat' dir='ltr'>quod</span> <span class='ocrx_word' id='word_1_281' title='bbox 1497 3760 1531 3822; x_wconf 93' lang='lat' dir='ltr'>in</span> <span class='ocrx_word' id='word_1_282' title='bbox 1552 3759 1646 3824; x_wconf 91' lang='lat' dir='ltr'>Luca</span> <span class='ocrx_word' id='word_1_283' title='bbox 1668 3761 1873 3844; x_wconf 88' lang='lat' dir='ltr'>potissimum</span> <span class='ocrx_word' id='word_1_284' title='bbox 1898 3769 1930 3824; x_wconf 91' lang='lat' dir='ltr'>et</span> <span class='ocrx_word' id='word_1_285' title='bbox 1950 3759 2064 3824; x_wconf 88' lang='lat' dir='ltr'>Marco</span> 
     </span>
     <span class='ocr_line' id='line_1_25' title="bbox 415 3883 2064 3972; baseline -0.005 -14"><span class='ocrx_word' id='word_1_286' title='bbox 415 3892 587 3958; x_wconf 88' lang='lat' dir='ltr'>Pharisaei</span> <span class='ocrx_word' id='word_1_287' title='bbox 599 3889 750 3954; x_wconf 89' lang='lat' dir='ltr'>dicuntur</span> <span class='ocrx_word' id='word_1_288' title='bbox 757 3885 919 3970; x_wconf 81' lang='lat' dir='ltr'>Mu’tanil3</span> <span class='ocrx_word' id='word_1_289' title='bbox 934 3896 1024 3950; x_wconf 88' lang='lat' dir='ltr'>secta</span> <span class='ocrx_word' id='word_1_290' title='bbox 1037 3884 1266 3951; x_wconf 88' lang='lat' dir='ltr'>veroMu’tazil</span> <span class='ocrx_word' id='word_1_291' title='bbox 1279 3886 1367 3951; x_wconf 91' lang='lat' dir='ltr'>dicta</span> <span class='ocrx_word' id='word_1_292' title='bbox 1376 3894 1513 3950; x_wconf 88' lang='lat' dir='ltr'>exeunte</span> <span class='ocrx_word' id='word_1_293' title='bbox 1526 3887 1631 3972; x_wconf 92' lang='lat' dir='ltr'>primo</span> <span class='ocrx_word' id='word_1_294' title='bbox 1641 3883 1774 3971; x_wconf 89' lang='lat' dir='ltr'>hegirae</span> <span class='ocrx_word' id='word_1_295' title='bbox 1783 3886 1913 3952; x_wconf 91' lang='lat' dir='ltr'>saeculo</span> <span class='ocrx_word' id='word_1_296' title='bbox 1922 3896 1993 3952; x_wconf 83' lang='lat' dir='ltr'>orta</span> <span class='ocrx_word' id='word_1_297' title='bbox 2004 3898 2064 3952; x_wconf 88' lang='lat' dir='ltr'>est.</span> 
     </span>
     <span class='ocr_line' id='line_1_26' title="bbox 414 4012 2065 4100; baseline 0.001 -22"><span class='ocrx_word' id='word_1_298' title='bbox 414 4015 496 4078; x_wconf 89' lang='lat' dir='ltr'>Item</span> <span class='ocrx_word' id='word_1_299' title='bbox 512 4014 595 4078; x_wconf 89' lang='lat' dir='ltr'>seria</span> <span class='ocrx_word' id='word_1_300' title='bbox 611 4023 717 4098; x_wconf 86' lang='lat' dir='ltr'>sexta,</span> <span class='ocrx_word' id='word_1_301' title='bbox 735 4012 861 4080; x_wconf 78' lang='lat' dir='ltr'>Graece</span> <span class='ocrx_word' id='word_1_302' title='bbox 875 4015 1052 4098; x_wconf 77' lang='grc' dir='ltr'><strong><em>παρασκευή,</em></strong></span> <span class='ocrx_word' id='word_1_303' title='bbox 1072 4035 1110 4078; x_wconf 93' lang='lat' dir='ltr'>eo</span> <span class='ocrx_word' id='word_1_304' title='bbox 1127 4015 1258 4079; x_wconf 89' lang='lat' dir='ltr'>nomine</span> <span class='ocrx_word' id='word_1_305' title='bbox 1278 4014 1469 4100; x_wconf 87' lang='lat' dir='ltr'>exprimitur</span> <span class='ocrx_word' id='word_1_306' title='bbox 1492 4035 1555 4098; x_wconf 92' lang='lat' dir='ltr'>quo</span> <span class='ocrx_word' id='word_1_307' title='bbox 1575 4012 1764 4079; x_wconf 89' lang='lat' dir='ltr'>Muhamedi</span> <span class='ocrx_word' id='word_1_308' title='bbox 1783 4023 1962 4080; x_wconf 88' lang='lat' dir='ltr'>sectatores</span> <span class='ocrx_word' id='word_1_309' title='bbox 1978 4015 2065 4080; x_wconf 91' lang='lat' dir='ltr'>diem</span> 
     </span>
     <span class='ocr_line' id='line_1_27' title="bbox 409 4118 2066 4228; baseline 0.002 -24"><span class='ocrx_word' id='word_1_310' title='bbox 409 4118 500 4205; x_wconf 75' lang='lat' dir='ltr'>¹sacri</span> <span class='ocrx_word' id='word_1_311' title='bbox 525 4151 704 4207; x_wconf 89' lang='lat' dir='ltr'>conventus</span> <span class='ocrx_word' id='word_1_312' title='bbox 728 4143 885 4228; x_wconf 88' lang='lat' dir='ltr'>insignire</span> <span class='ocrx_word' id='word_1_313' title='bbox 911 4151 1159 4207; x_wconf 88' lang='lat' dir='ltr'>consueverunt.</span> <span class='ocrx_word' id='word_1_314' title='bbox 1195 4139 1381 4228; x_wconf 87' lang='lat' dir='ltr'>Antiquitas</span> <span class='ocrx_word' id='word_1_315' title='bbox 1407 4141 1509 4227; x_wconf 87' lang='lat' dir='ltr'>ipsius</span> <span class='ocrx_word' id='word_1_316' title='bbox 1535 4140 1657 4205; x_wconf 91' lang='lat' dir='ltr'>codicis</span> <span class='ocrx_word' id='word_1_317' title='bbox 1681 4141 1819 4228; x_wconf 89' lang='lat' dir='ltr'>insignis</span> <span class='ocrx_word' id='word_1_318' title='bbox 1844 4150 1909 4224; x_wconf 87' lang='lat' dir='ltr'>est;</span> <span class='ocrx_word' id='word_1_319' title='bbox 1937 4143 2066 4208; x_wconf 88' lang='lat' dir='ltr'>videtur</span> 
     </span>
     <span class='ocr_line' id='line_1_28' title="bbox 414 4267 2064 4356; baseline 0.003 -25"><span class='ocrx_word' id='word_1_320' title='bbox 414 4271 499 4332; x_wconf 90' lang='lat' dir='ltr'>enim</span> <span class='ocrx_word' id='word_1_321' title='bbox 521 4271 608 4334; x_wconf 90' lang='lat' dir='ltr'>circa</span> <span class='ocrx_word' id='word_1_322' title='bbox 627 4293 747 4335; x_wconf 89' lang='lat' dir='ltr'>annum</span> <span class='ocrx_word' id='word_1_323' title='bbox 769 4271 860 4334; x_wconf 88' lang='lat'>1000.</span> <span class='ocrx_word' id='word_1_324' title='bbox 883 4271 1023 4356; x_wconf 87' lang='lat' dir='ltr'>scriptus</span> <span class='ocrx_word' id='word_1_325' title='bbox 1044 4291 1125 4334; x_wconf 89' lang='lat' dir='ltr'>esse.</span> <span class='ocrx_word' id='word_1_326' title='bbox 1172 4267 1255 4355; x_wconf 91' lang='lat' dir='ltr'>Syra</span> <span class='ocrx_word' id='word_1_327' title='bbox 1275 4271 1437 4356; x_wconf 85' lang='lat' dir='ltr'>scriptura</span> <span class='ocrx_word' id='word_1_328' title='bbox 1459 4267 1623 4333; x_wconf 90' lang='lat' dir='ltr'>simillima</span> <span class='ocrx_word' id='word_1_329' title='bbox 1646 4277 1697 4333; x_wconf 89' lang='lat' dir='ltr'>est</span> <span class='ocrx_word' id='word_1_330' title='bbox 1716 4268 1821 4332; x_wconf 88' lang='lat' dir='ltr'>codici</span> <span class='ocrx_word' id='word_1_331' title='bbox 1840 4291 1860 4332; x_wconf 91' lang='lat' dir='ltr'>a</span> <span class='ocrx_word' id='word_1_332' title='bbox 1874 4268 2064 4336; x_wconf 90' lang='lat' dir='ltr'>Wisemano</span> 
     </span>
     <span class='ocr_line' id='line_1_29' title="bbox 376 4394 2064 4484; baseline 0.002 -24"><span class='ocrx_word' id='word_1_333' title='bbox 376 4423 378 4428; x_wconf 95' lang='lat'>·</span> <span class='ocrx_word' id='word_1_334' title='bbox 413 4397 447 4460; x_wconf 91' lang='lat' dir='ltr'>in</span> <span class='ocrx_word' id='word_1_335' title='bbox 469 4397 569 4461; x_wconf 88' lang='lat' dir='ltr'>Horis</span> <span class='ocrx_word' id='word_1_336' title='bbox 590 4395 732 4484; x_wconf 88' lang='lat' dir='ltr'>Syriacis</span> <span class='ocrx_word' id='word_1_337' title='bbox 752 4395 905 4462; x_wconf 83' lang='lat' dir='ltr'>faesimili</span> <span class='ocrx_word' id='word_1_338' title='bbox 923 4419 1094 4483; x_wconf 87' lang='lat' dir='ltr'>expresso,</span> <span class='ocrx_word' id='word_1_339' title='bbox 1119 4397 1174 4483; x_wconf 91' lang='lat' dir='ltr'>qui</span> <span class='ocrx_word' id='word_1_340' title='bbox 1197 4397 1327 4482; x_wconf 91' lang='lat' dir='ltr'>quidem</span> <span class='ocrx_word' id='word_1_341' title='bbox 1346 4419 1467 4462; x_wconf 89' lang='lat' dir='ltr'>annum</span> <span class='ocrx_word' id='word_1_342' title='bbox 1483 4394 1605 4460; x_wconf 83' lang='lat' dir='ltr'>Christi</span> <span class='ocrx_word' id='word_1_343' title='bbox 1624 4395 1696 4461; x_wconf 83' lang='lat'>980.</span> <span class='ocrx_word' id='word_1_344' title='bbox 1713 4395 1937 4484; x_wconf 87' lang='lat' dir='ltr'>subscriptum</span> <span class='ocrx_word' id='word_1_345' title='bbox 1951 4397 2064 4482; x_wconf 84' lang='lat' dir='ltr'>habet3</span> 
     </span>
     <span class='ocr_line' id='line_1_30' title="bbox 413 4521 2064 4611; baseline 0.002 -25"><span class='ocrx_word' id='word_1_346' title='bbox 413 4523 490 4587; x_wconf 89' lang='lat' dir='ltr'>item</span> <span class='ocrx_word' id='word_1_347' title='bbox 511 4523 714 4611; x_wconf 87' lang='lat' dir='ltr'>autographo</span> <span class='ocrx_word' id='word_1_348' title='bbox 734 4523 828 4588; x_wconf 82' lang='lat' dir='ltr'>Eliae</span> <span class='ocrx_word' id='word_1_349' title='bbox 848 4523 1009 4607; x_wconf 87' lang='lat' dir='ltr'>Nisibeni,</span> <span class='ocrx_word' id='word_1_350' title='bbox 1035 4523 1122 4609; x_wconf 93' lang='lat' dir='ltr'>quod</span> <span class='ocrx_word' id='word_1_351' title='bbox 1142 4547 1162 4588; x_wconf 90' lang='lat' dir='ltr'>a</span> <span class='ocrx_word' id='word_1_352' title='bbox 1175 4523 1266 4588; x_wconf 85' lang='lat' dir='ltr'>Frid.</span> <span class='ocrx_word' id='word_1_353' title='bbox 1283 4523 1368 4608; x_wconf 89' lang='lat' dir='ltr'>Aug.</span> <span class='ocrx_word' id='word_1_354' title='bbox 1388 4525 1497 4589; x_wconf 85' lang='lat' dir='ltr'>Rosen</span> <span class='ocrx_word' id='word_1_355' title='bbox 1515 4525 1548 4588; x_wconf 91' lang='lat' dir='ltr'>in</span> <span class='ocrx_word' id='word_1_356' title='bbox 1565 4521 1724 4610; x_wconf 81' lang='lat' dir='ltr'>Catalogo</span> <span class='ocrx_word' id='word_1_357' title='bbox 1745 4523 1838 4589; x_wconf 90' lang='lat' dir='ltr'>codd.</span> <span class='ocrx_word' id='word_1_358' title='bbox 1856 4523 2064 4610; x_wconf 82' lang='lat' dir='ltr'>Syriacorum</span> 
     </span>
     <span class='ocr_line' id='line_1_31' title="bbox 413 4649 2065 4738; baseline 0.002 -25"><span class='ocrx_word' id='word_1_359' title='bbox 413 4649 520 4716; x_wconf 91' lang='lat' dir='ltr'>Musei</span> <span class='ocrx_word' id='word_1_360' title='bbox 541 4649 721 4716; x_wconf 89' lang='lat' dir='ltr'>Britannici</span> <span class='ocrx_word' id='word_1_361' title='bbox 746 4673 938 4738; x_wconf 89' lang='lat' dir='ltr'>expressum</span> <span class='ocrx_word' id='word_1_362' title='bbox 960 4651 994 4714; x_wconf 92' lang='lat' dir='ltr'>in</span> <span class='ocrx_word' id='word_1_363' title='bbox 1019 4651 1116 4715; x_wconf 88' lang='lat' dir='ltr'>finem</span> <span class='ocrx_word' id='word_1_364' title='bbox 1142 4649 1263 4716; x_wconf 87' lang='lat' dir='ltr'>saeculi</span> <span class='ocrx_word' id='word_1_365' title='bbox 1289 4651 1408 4716; x_wconf 88' lang='lat' dir='ltr'>decimi</span> <span class='ocrx_word' id='word_1_366' title='bbox 1430 4649 1553 4715; x_wconf 89' lang='lat' dir='ltr'>incidit.</span> <span class='ocrx_word' id='word_1_367' title='bbox 1601 4652 1639 4716; x_wconf 93' lang='lat' dir='ltr'>In</span> <span class='ocrx_word' id='word_1_368' title='bbox 1661 4661 1774 4716; x_wconf 88' lang='lat' dir='ltr'>nostro</span> <span class='ocrx_word' id='word_1_369' title='bbox 1799 4650 1929 4737; x_wconf 90' lang='lat' dir='ltr'>quidem</span> <span class='ocrx_word' id='word_1_370' title='bbox 1952 4651 2065 4717; x_wconf 90' lang='lat' dir='ltr'>codiee</span> 
     </span>
     <span class='ocr_line' id='line_1_32' title="bbox 413 4776 2065 4865; baseline 0.002 -24"><span class='ocrx_word' id='word_1_371' title='bbox 413 4776 500 4842; x_wconf 92' lang='lat' dir='ltr'>nulla</span> <span class='ocrx_word' id='word_1_372' title='bbox 518 4777 698 4842; x_wconf 90' lang='lat' dir='ltr'>litterarum</span> <span class='ocrx_word' id='word_1_373' title='bbox 720 4778 826 4842; x_wconf 89' lang='lat' dir='ltr'>forma</span> <span class='ocrx_word' id='word_1_374' title='bbox 846 4777 1099 4864; x_wconf 87' lang='lat' dir='ltr'>deprehenditur</span> <span class='ocrx_word' id='word_1_375' title='bbox 1122 4799 1205 4864; x_wconf 91' lang='lat' dir='ltr'>quae</span> <span class='ocrx_word' id='word_1_376' title='bbox 1228 4781 1388 4865; x_wconf 90' lang='lat' dir='ltr'>sequioris</span> <span class='ocrx_word' id='word_1_377' title='bbox 1408 4781 1481 4844; x_wconf 85' lang='lat' dir='ltr'>aevi</span> <span class='ocrx_word' id='word_1_378' title='bbox 1499 4778 1654 4843; x_wconf 88' lang='lat' dir='ltr'>indicium</span> <span class='ocrx_word' id='word_1_379' title='bbox 1679 4780 1733 4862; x_wconf 89' lang='lat' dir='ltr'>sit,</span> <span class='ocrx_word' id='word_1_380' title='bbox 1757 4777 1938 4842; x_wconf 88' lang='lat' dir='ltr'>cuiusmodi</span> <span class='ocrx_word' id='word_1_381' title='bbox 1960 4777 2065 4845; x_wconf 90' lang='lat' dir='ltr'>Wise-</span> 
     </span>
     <span class='ocr_line' id='line_1_33' title="bbox 413 4903 2065 4992; baseline 0.003 -24"><span class='ocrx_word' id='word_1_382' title='bbox 413 4927 528 4972; x_wconf 88' lang='lat' dir='ltr'>manus</span> <span class='ocrx_word' id='word_1_383' title='bbox 550 4904 570 4968; x_wconf 95' lang='lat' dir='ltr'>l.</span> <span class='ocrx_word' id='word_1_384' title='bbox 591 4903 609 4968; x_wconf 95' lang='lat' dir='ltr'>l.</span> <span class='ocrx_word' id='word_1_385' title='bbox 631 4905 750 4992; x_wconf 77' lang='lat' dir='ltr'>p.181.</span> <span class='ocrx_word' id='word_1_386' title='bbox 769 4906 804 4968; x_wconf 94' lang='lat' dir='ltr'>in</span> <span class='ocrx_word' id='word_1_387' title='bbox 820 4926 879 4968; x_wconf 87' lang='lat' dir='ltr'>suo</span> <span class='ocrx_word' id='word_1_388' title='bbox 900 4905 1013 4970; x_wconf 90' lang='lat' dir='ltr'>codice</span> <span class='ocrx_word' id='word_1_389' title='bbox 1028 4906 1194 4970; x_wconf 87' lang='lat' dir='ltr'>invenisse</span> <span class='ocrx_word' id='word_1_390' title='bbox 1212 4904 1274 4969; x_wconf 93' lang='lat' dir='ltr'>sibi</span> <span class='ocrx_word' id='word_1_391' title='bbox 1293 4905 1474 4970; x_wconf 86' lang='lat' dir='ltr'>videbatur.</span> <span class='ocrx_word' id='word_1_392' title='bbox 1518 4903 1680 4970; x_wconf 88' lang='lat' dir='ltr'>Arabicus</span> <span class='ocrx_word' id='word_1_393' title='bbox 1696 4927 1774 4969; x_wconf 89' lang='lat' dir='ltr'>vero</span> <span class='ocrx_word' id='word_1_394' title='bbox 1794 4912 1903 4969; x_wconf 86' lang='lat' dir='ltr'>textus</span> <span class='ocrx_word' id='word_1_395' title='bbox 1919 4905 2065 4974; x_wconf 86' lang='lat' dir='ltr'>eiusdem</span> 
     </span>
     <span class='ocr_line' id='line_1_34' title="bbox 414 5029 2065 5122; baseline 0.002 -28"><span class='ocrx_word' id='word_1_396' title='bbox 414 5055 487 5095; x_wconf 86' lang='lat' dir='ltr'>cum</span> <span class='ocrx_word' id='word_1_397' title='bbox 514 5033 597 5119; x_wconf 86' lang='lat' dir='ltr'>Syro</span> <span class='ocrx_word' id='word_1_398' title='bbox 623 5031 738 5106; x_wconf 88' lang='lat' dir='ltr'>aetatis</span> <span class='ocrx_word' id='word_1_399' title='bbox 765 5029 935 5095; x_wconf 89' lang='lat' dir='ltr'>habendus</span> <span class='ocrx_word' id='word_1_400' title='bbox 963 5041 1020 5095; x_wconf 87' lang='lat' dir='ltr'>est.</span> <span class='ocrx_word' id='word_1_401' title='bbox 1072 5031 1298 5097; x_wconf 88' lang='lat' dir='ltr'>Atramentum</span> <span class='ocrx_word' id='word_1_402' title='bbox 1323 5032 1452 5118; x_wconf 91' lang='lat' dir='ltr'>quidem</span> <span class='ocrx_word' id='word_1_403' title='bbox 1479 5033 1512 5097; x_wconf 92' lang='lat' dir='ltr'>in</span> <span class='ocrx_word' id='word_1_404' title='bbox 1532 5031 1675 5096; x_wconf 86' lang='lat' dir='ltr'>Arabica</span> <span class='ocrx_word' id='word_1_405' title='bbox 1698 5031 1849 5096; x_wconf 89' lang='lat' dir='ltr'>columna</span> <span class='ocrx_word' id='word_1_406' title='bbox 1874 5031 2065 5122; x_wconf 89' lang='lat' dir='ltr'>plerumque</span> 
     </span>
    </p>
   </div>
   <div class='ocr_carea' id='block_1_6' title="bbox 414 5255 2064 5499">
    <p class='ocr_par' dir='ltr' id='par_1_7' title="bbox 414 5255 2064 5499">
     <span class='ocr_line' id='line_1_35' title="bbox 467 5255 2064 5335; baseline 0.002 -23"><span class='ocrx_word' id='word_1_407' title='bbox 467 5262 484 5320; x_wconf 82' lang='grc'>1)</span> <span class='ocrx_word' id='word_1_408' title='bbox 504 5256 683 5330; x_wconf 89' lang='lat' dir='ltr'>Ubicumque</span> <span class='ocrx_word' id='word_1_409' title='bbox 704 5257 757 5312; x_wconf 89' lang='lat' dir='ltr'>has</span> <span class='ocrx_word' id='word_1_410' title='bbox 779 5263 836 5310; x_wconf 88' lang='lat' dir='ltr'>tres</span> <span class='ocrx_word' id='word_1_411' title='bbox 853 5255 973 5310; x_wconf 78' lang='lat' dir='ltr'>lineolae</span> <span class='ocrx_word' id='word_1_412' title='bbox 994 5257 1148 5325; x_wconf 81' lang='lat' dir='ltr'>posuimus,</span> <span class='ocrx_word' id='word_1_413' title='bbox 1170 5257 1199 5310; x_wconf 90' lang='lat' dir='ltr'>in</span> <span class='ocrx_word' id='word_1_414' title='bbox 1323 5261 1342 5320; x_wconf 75' lang='grc'><strong>4)</strong></span> <span class='ocrx_word' id='word_1_415' title='bbox 1361 5258 1425 5311; x_wconf 90' lang='lat' dir='ltr'>Hoc</span> <span class='ocrx_word' id='word_1_416' title='bbox 1435 5259 1501 5313; x_wconf 91' lang='lat' dir='ltr'>loco</span> <span class='ocrx_word' id='word_1_417' title='bbox 1511 5259 1592 5311; x_wconf 86' lang='lat' dir='ltr'>deest</span> <span class='ocrx_word' id='word_1_418' title='bbox 1601 5273 1745 5326; x_wconf 87' lang='lat' dir='ltr'>numerus,</span> <span class='ocrx_word' id='word_1_419' title='bbox 1756 5259 1947 5335; x_wconf 78' lang='lat' dir='ltr'>spatiovacuo</span> <span class='ocrx_word' id='word_1_420' title='bbox 1956 5260 2064 5316; x_wconf 88' lang='lat' dir='ltr'>relicto.</span> 
     </span>
     <span class='ocr_line' id='line_1_36' title="bbox 414 5341 1751 5472; baseline 0.001 -78"><span class='ocrx_word' id='word_1_421' title='bbox 414 5343 515 5396; x_wconf 89' lang='lat' dir='ltr'>codice</span> <span class='ocrx_word' id='word_1_422' title='bbox 529 5343 652 5398; x_wconf 89' lang='lat' dir='ltr'>habetur</span> <span class='ocrx_word' id='word_1_423' title='bbox 671 5351 786 5472; x_wconf 49' lang='lat' dir='ltr'>{Cum</span> <span class='ocrx_word' id='word_1_424' title='bbox 805 5341 986 5410; x_wconf 68' lang='lat' dir='ltr'>(samalaud).</span> <span class='ocrx_word' id='word_1_425' title='bbox 1322 5345 1341 5407; x_wconf 68' lang='grc'><strong>4)</strong></span> <span class='ocrx_word' id='word_1_426' title='bbox 1360 5342 1405 5395; x_wconf 91' lang='lat' dir='ltr'>lta</span> <span class='ocrx_word' id='word_1_427' title='bbox 1417 5360 1534 5412; x_wconf 85' lang='lat' dir='ltr'>prorsus</span> <span class='ocrx_word' id='word_1_428' title='bbox 1545 5343 1574 5395; x_wconf 91' lang='lat' dir='ltr'>in</span> <span class='ocrx_word' id='word_1_429' title='bbox 1588 5341 1689 5395; x_wconf 89' lang='lat' dir='ltr'>codice</span> <span class='ocrx_word' id='word_1_430' title='bbox 1699 5348 1751 5396; x_wconf 84' lang='lat' dir='ltr'>est</span> 
     </span>
     <span class='ocr_line' id='line_1_37' title="bbox 723 5426 1865 5499; baseline 0.004 -21"><span class='ocrx_word' id='word_1_431' title='bbox 723 5441 726 5454; x_wconf 91' lang='grc'>·</span> <span class='ocrx_word' id='word_1_432' title='bbox 1321 5429 1343 5499; x_wconf 77' lang='grc'><strong>4)</strong></span> <span class='ocrx_word' id='word_1_433' title='bbox 1361 5426 1426 5482; x_wconf 90' lang='lat' dir='ltr'>Hoc</span> <span class='ocrx_word' id='word_1_434' title='bbox 1438 5427 1503 5482; x_wconf 90' lang='lat' dir='ltr'>loco</span> <span class='ocrx_word' id='word_1_435' title='bbox 1516 5444 1615 5481; x_wconf 85' lang='lat' dir='ltr'>rursus</span> <span class='ocrx_word' id='word_1_436' title='bbox 1627 5427 1709 5482; x_wconf 86' lang='lat' dir='ltr'>deest</span> <span class='ocrx_word' id='word_1_437' title='bbox 1720 5444 1865 5484; x_wconf 88' lang='lat' dir='ltr'>numerus.</span> 
     </span>
    </p>
   </div>
   <div class='ocr_carea' id='block_1_7' title="bbox 1742 5555 1756 5600">
    <p class='ocr_par' dir='ltr' id='par_1_8' title="bbox 1742 5555 1756 5600">
     <span class='ocr_line' id='line_1_38' title="bbox 1742 5555 1756 5600; baseline 0 0"><span class='ocrx_word' id='word_1_438' title='bbox 1742 5555 1756 5600; x_wconf 83' lang='lat'>9</span> 
     </span>
    </p>
   </div>
   <div class='ocr_carea' id='block_1_8' title="bbox 0 0 2626 6613">
    <p class='ocr_par' dir='ltr' id='par_1_9' title="bbox 0 0 2626 6613">
     <span class='ocr_line' id='line_1_39' title="bbox 0 0 2626 6613; baseline 0 0"><span class='ocrx_word' id='word_1_439' title='bbox 0 0 2626 6613; x_wconf 95' lang='lat' dir='ltr'> </span> 
     </span>
    </p>
   </div>
  </div>
 </body>
</html>
