5284 6620
704 908 801 972 Hom.
817 906 876 989 111,
891 906 943 970 40.
960 902 1015 992 (of.
1032 905 1082 971 ed.
1098 905 1213 970 Dress.
1229 925 1304 992 pag.
1322 900 1408 988 100.)
1424 905 1451 969 εί
1462 901 1492 968 δὲ
1504 901 1549 986 ὑφ’
1567 904 1662 986 ἑτέρας
1677 902 1830 985 δυνάμεως,
1847 903 1973 986 ζητητέον
1987 899 2035 966 καί
2049 898 2134 966 παντὶ
2148 901 2243 966 σθένει

599 1037 760 1116 ἐξεταστέον
785 1029 870 1120 (ipse
886 1033 957 1098 cod.
978 1036 1178 1112 ἔξετασθαῖον,
1202 1032 1262 1097 sed
1275 1029 1323 1098 καί
1336 1058 1366 1097 π.
1382 1039 1433 1097 σθ.
1449 1032 1486 1109 ἔξ.
1510 1029 1654 1096 secunda
1667 1052 1766 1095 manu
1785 1027 1896 1094 additu
1915 1031 2019 1114 sunt),
2037 1028 2074 1112 μή
2096 1053 2138 1101 τις
2159 1027 2244 1092 αὐτὸν

598 1163 683 1249 μόνον
698 1162 813 1248 ἀγαθὸν
826 1161 896 1229 ὄντα
911 1159 955 1228 ε’πὶ
969 1165 1041 1226 πᾶσι
1054 1171 1113 1234 τοῖς
1126 1171 1223 1234 κακοῖς
1236 1159 1372 1244 ύπελαβεν
1379 1157 1414 1246 ¹).
1443 1157 1532 1223 XLI.
1554 1156 1618 1223 Καὶ
1631 1157 1647 1224 ὁ
1661 1160 1759 1242 Σίμων
1769 1156 1916 1242 Πρόδηλος
1929 1157 2074 1241 εἶφεύγων
2089 1155 2149 1222 ἀπὸ
2163 1183 2187 1220 τ.
2202 1183 2242 1240 γρ.

599 1332 608 1342 -
623 1332 633 1342 ·
647 1288 695 1356 καῖ
709 1289 725 1356 ὁ
741 1290 852 1372 Πέτρος
865 1288 965 1361 Αὐτός
978 1314 1024 1371 μοι
1037 1284 1160 1373 φαίνειδ)
1177 1291 1260 1353 τοῦτο
1273 1292 1373 1353 ποωίν·
1396 1285 1413 1353 ὃ
1427 1286 1482 1370 γὰρ
1495 1286 1575 1363 τοὶξιν
1591 1282 1726 1370 ζητήσεως
1741 1285 1849 1370 φεύγων
1864 1285 1988 1362 ε’ξέτασιν
2003 1284 2099 1368 α’ληθή
2112 1284 2245 1368 γενέσθω

496 1421 497 1424 '
600 1420 632 1485 ού
645 1418 779 1504 βούλεται
805 1413 877 1482 ὅθεν
891 1414 944 1499 ε’γοδ
959 1454 968 1464 -
982 1455 992 1466 -
1008 1409 1144 1500 (XLII.)
1189 1412 1252 1480 Καὶ
1266 1413 1282 1480 ὁ
1298 1415 1408 1498 Πέτρας
1422 1418 1495 1488 Παῖς
1509 1411 1556 1478 καί
1571 1413 1619 1480 τὸν
1632 1417 1697 1478 ναῖον
1710 1411 1814 1495 τινφλδς
1830 1413 1899 1476 εἶναι
1918 1407 2065 1494 roduam)
2086 1410 2103 1475 ὁ
2121 1409 2175 1492 πρὸ
2195 1413 2245 1474 τοῦ

599 1545 759 1630 γεύσασθαι
772 1547 822 1609 τοῦ
835 1547 923 1626 φιπαῦ
938 1543 1093 1626 συμφώνως
1106 1547 1147 1622 τῷ
1162 1544 1288 1608 κτίσαντι
1302 1540 1387 1608 αύτδν
1403 1549 1464 1604 etc.

706 1670 804 1735 Hom.
819 1669 881 1752 IV,
901 1668 951 1732 21.
969 1665 1025 1754 (cf.
1042 1667 1092 1732 ed.
1108 1669 1224 1732 Drese.
1240 1690 1315 1755 pag.
1333 1665 1418 1752 131.)
1439 1663 1533 1751 ὥσπερ
1547 1666 1601 1752 γὰρ
1615 1666 1631 1733 ὁ
1646 1671 1756 1734 λυσσοῖν
1769 1667 1841 1732 κύων
1855 1666 1969 1740 τούτους
1982 1667 2094 1748 ἀναιρεῖ
2103 1659 2195 1746 ὦνπερ
2210 1663 2246 1728 ἂν

600 1801 709 1884 ψαύση,
723 1803 773 1882 τῆς
787 1797 985 1881 ἀφανεστάτης
998 1795 1098 1880 λύσσης
1111 1796 1280 1880 μεταδιδούς,
1296 1791 1416 1882 ούτωςί)
1432 1794 1480 1862 καὶ
1494 1800 1543 1879 τής
1556 1797 1679 1879 μοιχείας
1692 1793 1725 1860 τὸ
1739 1793 1852 1878 κρύφιον
1866 1790 1994 1878 uodo).
2022 1793 2130 1857 XXII.
2144 1792 2247 1856 Ἐκεῖνο

602 1925 631 1992 δέ
645 1923 782 2010 πάντεςθ)
799 1922 888 2008 ἴσμεν,
904 1923 943 1997 ιίις
957 1924 1060 1989 ἐπίπαν
1075 1921 1121 1988 ε’πῖ
1134 1923 1224 2004 τούτῳ
1238 1923 1303 1996 τοὺς
1318 1923 1424 2007 ἄνδρας
1439 1922 1879 2010 ἀνεπισχέισιςιδυσχεραίνοντας,
1899 1923 2033 2004 πολέμους
2047 1915 2108 2006 τε7)
2126 1917 2170 1984 ε’πῖ
2189 1920 2246 1984 τού

601 2051 691 2139 τωνῧ)
708 2053 908 2137 ε’γηγερμένους,
923 2049 970 2116 καῖ
985 2049 1067 2116 οίκων
1082 2053 1228 2135 γενομένας
1242 2047 1421 2134 ἀνατροπάς,
1436 2047 1484 2114 καί
1498 2049 1606 2116 πόλεων
1621 2047 1745 2123 ιἰλαύσεις,
1760 2046 1808 2112 καῖ
1823 2047 1896 2113 ἄλλα
1909 2050 2001 2131 μυρία.
2008 2044 2035 2135 ⁹)

707 2179 804 2243 Hom.
820 2177 893 2260 VII,
911 2177 938 2240 1.
956 2173 1012 2262 (of.
1027 2177 1076 2242 ed.
1091 2177 1207 2242 Drees.
1220 2199 1296 2264 pag.
1312 2175 1397 2264 174.)
1432 2182 1476 2259 Τή
1491 2175 1520 2241 δὲ
1534 2175 1664 2259 ε’παύρων
1673 2172 1711 2260 ¹⁰)
1727 2175 1929 2259 προεληλυθότι
1942 2181 1982 2256 τῷ
1997 2176 2100 2258 Πέτρῳ
2115 2175 2246 2258 ἀπήντων

496 2303 498 2310 ’
601 2305 788 2391 πλήσιόχοιροί
798 2331 828 2370 τε
842 2306 891 2370 οὐκ
905 2305 990 2390 ὀλίγον
1005 2303 1053 2371 καῖ
1068 2307 1153 2389 αύτής
1171 2305 1263 2390 Τύρον
1276 2301 1495 2390 remonon),
1517 2301 1566 2369 καί
1581 2303 1739 2387 ἐπεφώνουν
1753 2303 1876 2387 λέγοντες
1892 2301 1925 2370 '0
1943 2303 2021 2377 θεός,
2040 2302 2087 2368 διοὶ
2106 2307 2156 2368 σοῖν
2174 2301 2248 2385 ήμᾶς

602 2431 763 2519 έλεοίτωλῖ),
779 2433 826 2499 διὰ
840 2439 891 2500 σοῦ
904 2435 1094 2515 θεραπευέτω.
1123 2427 1185 2500 ὁδί
1199 2435 1309 2517 Πέτρος
1324 2432 1388 2515 ἔστη
1403 2429 1448 2498 ἐπὶ
1461 2433 1546 2497 λίθου
1559 2431 1633 2504 τινὸς
1646 2429 1756 2514 ὑψηλοῦ
1770 2429 1840 2516 πρὸς
1853 2430 1886 2496 τδ
1901 2431 2044 2496 δύνασθαι.
2057 2435 2145 2495 πᾶσιν
2165 2429 2247 2511 δρᾶσ-

601 2573 670 2637 θαι,
685 2559 733 2626 ιιαῖ
747 2561 975 2646 προσαγορεύσας
988 2566 1121 2643 θεοσεβεῖ
1129 2559 1205 2642 νόμῳ
1219 2557 1307 2632 οὕτως
1320 2557 1426 2644 ήρξατο
1434 2555 1483 2644 ¹³).

708 2687 804 2752 Hom.
821 2687 895 2769 VII,
913 2687 961 2750 12.
976 2683 1213 2772 κατορθώσαςῖῖ)
1229 2684 1277 2752 καῖ
1290 2689 1440 2772 βαπτίσας,
1457 2685 1515 2752 ιἰπδ
1529 2691 1587 2752 τοῖν
1601 2687 1742 2770 ἑπομένων
1756 2685 1833 2764 αύτῷ
1841 2687 2031 2769 πρεσβυτέρων
2041 2685 2090 2750 ἕνα
2099 2686 2248 2750 ἐπίσκοπον

604 2816 699 2889 αὐτοῖς
712 2814 902 2898 καταστήσας,
918 2815 956 2888 είς
970 2812 1019 2898 τήν
1032 2814 1144 2898 Βύβλαν
1152 2809 1190 2898 ¹⁵)
1207 2815 1284 2896 ἐξήει.
1306 2811 1353 2880 καὶ
1368 2813 1510 2898 γενόμενος
1525 2815 1591 2895 ἐκεῖ,
1608 2810 1656 2878 καῖ
1669 2811 1776 2896 μαθοδν
1791 2809 1834 2877 ὅτι
1847 2814 1945 2894 Σίμων
1959 2813 1998 2885 είς
2015 2815 2148 2896 Τρίπολιν
2162 2810 2249 2896 ιύρμη-

603 2939 710 3026 σενίθ),
734 2941 764 3006 δι’
788 2941 886 3026 ὀλίγων
905 2939 1013 3024 ήμεροῖν
1032 2941 1126 3014 αἰτεῖς
1146 2935 1231 3026 (ipse
1247 2939 1352 3005 codex
1367 2937 1479 3026 ἀσσοις)
1500 2937 1685 3026 ε’πιμειναςΠ)
1705 2937 1753 3006 καί
1774 2937 1957 3024 θεραπεύσας
1978 2940 2097 3013 πολλοῖς
2117 2937 2165 3004 καῖ
2186 2951 2250 3013 ταῖς

603 3073 706 3155 βίβλοις·
720 3068 821 3142 αύτούς
836 3067 999 3150 ἐνασκήσας,
1014 3068 1073 3132 κατ’
1092 3066 1165 3152 ίχνος
1178 3073 1228 3134 που
1241 3070 1372 3151 Σιμωνος
1385 3067 1424 3140 είς
1437 3067 1487 3152 τήν
1505 3043 1637 3151 ΙΤρίπολιν
1653 3067 1804 3150 ἐπορεύετο.

709 3195 806 3259 Hom.
822 3193 912 3276 VIII,
929 3192 957 3256 8.
975 3189 1030 3278 (of.
1047 3193 1097 3258 ed.
1113 3195 1228 3258 Dress.
1243 3217 1318 3280 pag.
1336 3191 1421 3279 186.)
1437 3199 1487 3260 τού
1501 3190 1576 3280 ud)
1594 3195 1757 3277 Μαροοίνον
1775 3196 1813 3268 είς
1831 3195 1880 3278 τήν
1893 3191 2036 3277 ὕπαιθρον
2055 3196 2250 3277 τετορνευμένον

603 3319 737 3406 ednod)
754 3318 972 3406 noodyorrocw)
988 3320 1098 3387 εἵποντο
1113 3322 1140 3386 οί
1153 3321 1236 3406 ὄχλοι.
1272 3321 1288 3388 ὁ
1307 3320 1337 3387 δὲ
1356 3324 1467 3405 Πέτρος
1488 3322 1537 3386 ἐπί
1551 3347 1624 3394 τινος
1642 3321 1752 3405 βάσεως
1771 3294 1936 3405 ἀνδριάντος
1954 3322 1986 3386 οὗ
2005 3321 2080 3388 πάνυ
2093 3319 2248 3409 ύψηλήςῖλ)

605 3449 732 3523 ἐπιστάς,
748 3445 808 3532 ἅμα
823 3457 863 3528 τῷ
880 3443 966 3533 (eod.
982 3445 1029 3532 τὸ)
1044 3448 1094 3514 τὸν
1108 3446 1190 3532 ὄχλον
1204 3456 1336 3534 θεοσεβεῖ
1345 3451 1406 3514 ἔθει
1420 3453 1645 3534 προσαγορεύσω
1660 3457 1719 3512 eto.

710 3573 806 3639 Hom.
821 3575 885 3658 IX,
902 3575 950 3639 19.
968 3575 1021 3655 (cf.
1039 3575 1088 3638 ed.
1105 3575 1218 3639 Drees.
1234 3598 1308 3663 pag.
1325 3575 1388 3640 209
1403 3573 1466 3662 sq.)
1482 3573 1576 3660 xum)
1591 3580 1631 3656 τῷ
1646 3576 1776 3641 δεδωκότι
1790 3573 2061 3662 εὐγοριστήσετεδῧ),
2083 3577 2121 3650 εἰς
2136 3576 2250 3643 ἀείνων

669 3720 686 3783 ¹)
702 3716 748 3770 Ita
768 3732 832 3771 oum
847 3716 923 3786 Epir.
933 3715 967 3770 38
983 3714 1031 3770 fin.
1062 3714 1124 3772 Cot.
1138 3723 1167 3772 et
1177 3717 1228 3772 Dr.
1241 3717 1393 3772 ediderunt
1518 3721 1545 3782 ¹⁴)
1557 3715 1648 3770 Paris.
1660 3723 1811 3780 συνεθίσαι,
1825 3715 1922 3772 ottob.
1932 3722 2101 3777 συνισθίσας.
2125 3717 2250 3788 Epiros.

606 3802 741 3870 ὑπέβαλεν.
1463 3807 1632 3873 καταρτίσας.

668 3890 687 3954 ²)
700 3886 745 3940 Ito
758 3885 862 3954 eodem
876 3883 938 3940 Cot.
952 3891 981 3940 et
991 3886 1041 3940 Dr.
1054 3891 1138 3958 φαίνῃ.
1515 3892 1545 3954 ¹⁵)
1559 3885 1607 3940 Sio
1620 3903 1684 3940 curn
1696 3887 1842 3956 Epitome3
1856 3885 1919 3942 Cot.
1932 3893 1961 3942 et
1972 3887 2022 3942 Dr.
2035 3891 2140 3956 Βίβλον.

668 3970 1175 4038 ⁸)ItnomnerHomiliurumoodioes;
1186 3970 1391 4040 Epitomevero
1515 3975 1545 4036 ¹⁶)
1559 3971 1605 4026 Iu
1617 3989 1715 4026 rursus
1728 3989 1791 4026 oum
1803 3972 1944 4042 Epitome.
1962 3970 2023 4028 cot.
2037 3979 2066 4028 et
2075 3973 2125 4028 Dr.
2138 3971 2179 4027 ὅτι
2189 3978 2251 4044 Σιμ.

604 4055 727 4123 ήδίνατο.
1463 4055 1521 4109 οὐδὲ
1537 4059 1600 4126 μιᾶς
1615 4055 1710 4128 ἡμέρας
1726 4057 1816 4116 αἰετοῖς
1832 4063 2008 4128 προσέμεινεν,
2030 4057 2084 4110 ἀλλ’
2103 4058 2200 4119 εὐθέως
2217 4064 2252 4118 είς

669 4144 689 4206 ⁴)
702 4139 782 4200 οὕτως
795 4157 859 4194 oum
869 4139 1016 4208 Parisin03
1030 4138 1127 4194 ottob.
1140 4137 1213 4193 οὕτω.
1467 4141 1619 4212 Τρίπίίρμ.

669 4229 689 4291 ¹⁵)
707 4223 794 4294 Apud
811 4223 873 4280 cot.
894 4230 924 4280 et
939 4225 990 4280 Dr.
1008 4231 1076 4295 port
1097 4225 1175 4278 κοινόν
1196 4225 1324 4280 additur:
1344 4224 1392 4278 κᾶν
1516 4229 1546 4292 ¹⁷)
1561 4227 1605 4280 δίε
1621 4225 1711 4281 Paris.
1725 4231 1754 4281 et
1767 4223 1865 4281 ottob.
1879 4227 2021 4283 omittunt.
2047 4229 2180 4299 Epitome
2198 4230 2251 4284 ric:

606 4309 741 4378 ἀγνοήσειν,
752 4313 798 4376 τής
810 4311 932 4377 διαδοχῆς
943 4308 991 4379 τήν
1000 4309 1108 4378 έκιιονιήν
1116 4311 1283 4381 ἐξεργάζεται.
1297 4311 1391 4365 ΧΧΠ.
1463 4311 1544 4370 αιἰτδς
1559 4311 1646 4382 βραχὺ
1663 4317 1826 4383 παραμείνας
1842 4310 1944 4375 αὐτοῖς,
1966 4319 1996 4367 et
2015 4315 2110 4385 pergit
2129 4319 2173 4368 ’καὶ
2193 4323 2252 4386 θερ.

606 4394 686 4449 Ἀλλὰ
696 4397 775 4448 τοῦτο
786 4399 832 4463 μὲν
843 4397 887 4446 νῦν
898 4391 958 4463 ήμῖν
968 4398 1180 4464 παραλελείφθυ.
1462 4401 1514 4451 τῶν
1529 4403 1555 4449 ίν
1570 4398 1662 4466 Βύβλῳ
1680 4397 1793 4456 πολλοὺς
1809 4402 1852 4450 καὶ
1867 4397 1914 4465 τήν
1929 4397 2060 4466 εὐσέβειαν
2074 4399 2170 4460 αίποίνς
2187 4404 2252 4454 ίιιδι-

669 4483 691 4544 ⁶)
703 4478 799 4537 πάντες
812 4495 876 4532 cum
889 4478 1092 4548 Ottoboniuno,
1104 4479 1193 4534 Paris.
1206 4477 1327 4538 ἅπαντες.
1465 4483 1555 4542 δείξας.

671 4568 690 4630 ⁷)
703 4585 730 4618 τε
744 4581 808 4618 oum
821 4561 1029 4632 ottoboniano,
1041 4563 1131 4618 Parin.
1144 4565 1257 4620 omittit.
1518 4570 1547 4632 ¹⁸)
1561 4571 1589 4621 δί
1602 4585 1665 4621 oum
1677 4567 1938 4638 Puris.etEpit.62;
1951 4567 2167 4624 Ottobomittit.
2184 4573 2253 4623 Μα-

669 4653 689 4715 ⁸)
701 4649 748 4703 Ite
760 4665 823 4704 enm
835 4647 980 4716 Parisin03
994 4644 1129 4704 Ottobon.
1142 4653 1185 4702 od
1195 4649 1286 4718 τούτῳ.
1465 4653 1562 4722 ροοίνοο
1575 4652 1676 4707 eodem
1688 4652 1773 4707 modo
1786 4653 1816 4706 in
1827 4653 1960 4724 Epitome
1973 4655 2080 4710 editum
2097 4659 2155 4723 est3
2176 4656 2252 4725 apud

669 4738 689 4801 ’γ
702 4734 783 4788 Haeo
796 4733 891 4789 omniu
903 4750 966 4787 onm
976 4733 1213 4790 antecedentibus
1227 4741 1256 4789 et
1272 4750 1392 4805 requen—
1467 4735 1530 4793 Cot.
1543 4743 1573 4792 et
1583 4737 1634 4790 Dr.
1647 4737 1804 4807 Μαροόνοο.

608 4819 684 4875 tibur
696 4819 827 4890 pluribus
839 4819 869 4874 in
880 4817 1015 4890 Epitome
1027 4818 1229 4890 praetermissa
1246 4823 1320 4873 sunt.
1350 4817 1393 4873 Cf.
1518 4825 1548 4887 ¹⁸)
1561 4821 1605 4876 Ita
1622 4823 1712 4877 codex
1722 4831 1828 4878 noster.
1846 4821 1937 4876 Parin.
1950 4828 1979 4877 et
1992 4823 2089 4879 ottob.
2101 4827 2136 4883 εἰς
2147 4823 2194 4878 τὸν
2207 4829 2251 4890 (ex

608 4905 684 4975 Epir.
696 4905 737 4958 51.
1465 4907 1541 4978 Epit.
1555 4907 1659 4979 corrigi
1676 4906 1828 4963 voluerunt
1842 4907 1937 4978 τόπον)
1954 4906 2087 4980 ὕπαιθρον
2098 4915 2253 4980 νεκηπεεριέ-

662 4991 692 5062 ¹⁰)
703 4989 748 5043 Ita
764 5005 828 5044 oum
844 4988 921 5059 Epio
938 4989 985 5056 533
1003 4985 1065 5044 Cot.
1084 4993 1113 5043 et
1127 4987 1178 5044 Dr.
1191 4987 1247 5043 oio:
1266 4992 1304 5061 Τῇ
1320 4987 1393 5056 (Cot.
1465 5013 1524 5053 νονς
1536 4991 1610 5062 Epir.
1623 5009 1690 5048 vero
1701 4997 1737 5053 είς
1748 4997 1932 5062 κεκηπευμένον
1942 4993 2026 5047 τύπον
2037 4998 2081 5046 καὶ
2093 4993 2234 5066 ὕπαιθρον.

609 5073 675 5144 om.)
690 5073 801 5146 τετάρτῃ
817 5076 844 5127 δὲ
859 5071 940 5145 ήμίρρ
955 5077 1001 5143 τῆς
1022 5079 1047 5127 ίν
1066 5073 1140 5144 Τίιρρι
1159 5071 1230 5144 ήμῶν
1249 5078 1395 5145 ἐπιδημίας,
1516 5077 1728 5147 ’σγπροοῖγοντοςε
1739 5079 1848 5132 Itaoum
1856 5077 2064 5148 Ottobonian03
2074 5079 2255 5134 Parinaddit

608 5157 661 5212 ὑπὸ
672 5158 719 5226 τήν
731 5157 839 5224 (ottob.
850 5159 905 5224 τὸν)
918 5159 1027 5229 ὄρθρον.
1467 5161 1561 5226 αὐτόν,
1573 5163 1651 5234 quod
1663 5159 1737 5233 Epir.
1747 5163 1912 5232 praemittit.

660 5249 690 5311 ¹¹)
703 5243 759 5298 Pro
768 5243 813 5297 hie
821 5243 966 5314 Epitome:
976 5248 1019 5296 καῖ
1028 5243 1107 5312 αι’πής
1117 5247 1193 5314 δλτής
1201 5245 1394 5316 Τύρουπολλοί.
1516 5251 1547 5314 ¹¹)
1562 5245 1684 5304 Omnino
1698 5249 1753 5316 σίας
1765 5249 1897 5318 Epitome
1908 5249 2039 5319 μετεοίροιι
2052 5255 2081 5304 et
2091 5251 2165 5310 σταῖς.

661 5327 692 5399 ¹¹)
705 5325 767 5383 Cot.
781 5333 810 5382 et
821 5327 870 5381 Dr.
883 5331 993 5394 ίλειίτιι,
1006 5329 1073 5384 item
1085 5330 1225 5401 Epitome.
1516 5335 1547 5398 ²²)
1560 5338 1606 5386 καί
1616 5350 1680 5388 oum
1691 5332 1838 5404 Epitom03
1852 5332 1913 5389 Cot.
1928 5339 1957 5388 et
1967 5333 2018 5388 Dr.
2032 5335 2108 5390 ἀλλά.

662 5415 692 5478 ¹⁸)
703 5412 750 5468 Ab
759 5411 804 5466 hir
815 5411 856 5466 εἰσ
867 5412 1139 5485 disceditEpitome=
1149 5414 1214 5475 στοὶς
1224 5406 1394 5489 οδνίΠέτρος
1516 5420 1547 5486 ¹³)
1560 5418 1605 5474 lta
1624 5435 1687 5474 oum
1699 5419 1843 5489 Epitome3
1861 5417 1923 5472 Cot.
1937 5425 1967 5473 et
1977 5419 2027 5474 Dr.
2040 5420 2254 5492 εὐχαριστήσατε,

608 5529 625 5538 -
636 5529 652 5540 -
663 5501 730 5552 πᾶσι
741 5497 892 5570 καταφανής
903 5497 982 5564 εῖναι,
994 5504 1037 5554 ναί
1047 5519 1162 5573 προσαγ.
1174 5506 1228 5556 eto.
1466 5503 1573 5558 additis
1585 5503 1652 5574 μετὰ
1662 5508 1711 5558 τοῦ
1722 5508 1768 5573 τῆς
1780 5504 1877 5576 εἰρήνης
1888 5507 2020 5572 βασιλέως.
