5244 6618
2022 723 2064 790 49

422 921 491 988 καθ’
507 923 540 990 ὃν
554 923 648 988 θιλων
660 925 809 1008 γατεχεται,
823 925 895 1007 με’νει
913 928 1040 1008 διηνεκοῦς
1056 934 1115 998 τοῖς
1128 929 1214 992 πᾶσιν
1280 951 1343 993 τοτε
1364 925 1414 994 σῦν
1436 927 1519 1010 κυρίῳ
1539 923 1615 994 κατά
1635 925 1668 993 τό
1689 927 1780 1012 λόγων
1798 926 1933 1012 ἐσόμεθα,
1953 933 2003 1013 τῆς
2015 925 2064 1012 μὲν

423 1051 606 1135 ἀνείνφαντος.

490 1175 566 1262 Φησὶ
585 1177 615 1244 θλ
632 1175 680 1244 καλ
697 1177 714 1245 6
732 1179 818 1262 μίγας
830 1179 982 1252 Βασιλειος
998 1177 1042 1245 Τό
1055 1182 1163 1262 πνεῦμα
1176 1178 1209 1246 τό

424 1303 500 1393 άγιον
516 1306 667 1390 ἀπρόσιτον
684 1305 823 1389 τήφόσει,
842 1305 968 1390 χωρητόν
983 1305 1014 1370 δι’
1030 1305 1209 1390 ἀγαθότνγτα,

423 1435 518 1501 πάντα
531 1431 581 1517 μὲν
594 1437 715 1517 πληροῦν
727 1437 762 1516 τῇ
776 1432 896 1514 δυνάμει,
914 1433 1008 1516 μόνοις
1021 1430 1051 1498 θλ
1064 1431 1097 1499 όν
1110 1441 1208 1517 μεθεκ-

423 1561 472 1630 τόν
493 1571 552 1636 τοῖς
573 1561 674 1640 α’ξόνις·
697 1560 746 1644 οῦχ
764 1556 803 1625 ἑνί
816 1561 907 1644 με’τρφ
919 1561 1113 1645 μετεχομίνον,
1135 1559 1209 1626 ἀλλά

423 1687 498 1755 κατὰ
521 1688 675 1772 ἀναλογίαν
696 1693 745 1772 τῆς
771 1689 890 1761 πίστεως
917 1691 1039 1771 διαιροῦν
1064 1687 1113 1773 τήν
1140 1689 1208 1772 ε’νίρ

422 1833 509 1902 χειαν·
533 1814 639 1882 ἁπλοῦν
659 1819 694 1898 νή
712 1814 807 1898 οῦοίιγ,
831 1816 956 1880 ποικίλον
973 1825 1037 1888 ταῖς
1050 1813 1209 1897 δυνάμεσιν·

422 1941 487 2010 ὅλον
507 1943 617 2025 ἑκάστῳ
639 1942 739 2027 παρόν,
761 1940 809 2008 καλ
828 1939 892 2010 όλον
910 1946 1057 2026 πανταχοῦ
1070 1939 1114 2008 όν·
1136 1941 1209 2007 ἀπα·

422 2075 488 2144 θεῖε
503 2069 688 2154 mawron
706 2067 754 2135 καὶ
772 2069 927 2154 &huwe
942 2069 1120 2153 νααόιενα
1133 2066 1209 2133 κατὰ

422 2197 472 2283 τήν
493 2197 587 2263 εἰκόνα
608 2201 657 2281 τῆς
679 2195 792 2281 ήλιοιιῆς
813 2196 933 2271 ἀκτῖνος,
954 2195 1002 2262 καλ
1023 2195 1131 2276 όνιάστφ
1152 2198 1209 2260 τῶν

422 2329 551 2391 θειιτιιιαῦν
579 2323 619 2397 ὡς
645 2323 721 2406 μόνον
748 2323 841 2408 παρόν
868 2321 1209 2408 θιαρκῆτοιςπάσιτήν

420 2453 501 2538 χάριν
523 2448 572 2517 καλ
592 2449 740 2536 ὁλόκληρον
759 2452 899 2534 ἐπαφίησι.
920 2446 968 2515 καλ
989 2449 1073 2516 πόλιν
1095 2451 1141 2516 Αί
1159 2448 1208 2534 μὲν

422 2580 550 2664 ἐνέργειαι
563 2583 613 2645 τοῦ
625 2582 697 2644 θεοῦ
711 2579 846 2652 ποικίλαι,
862 2577 880 2661 ή
895 2575 925 2642 66
938 2577 1020 2644 οῦσιῦι
1034 2577 1118 2662 ἀπλή.
1131 2577 1208 2662 ἡμεῖς

421 2705 452 2772 θῦ
465 2707 495 2772 ε’νι
509 2711 566 2772 νοῦν
580 2706 718 2790 ε’νιργειοῦν
731 2706 868 2790 γνωριῒειν
885 2705 996 2788 λε’γομεν
1009 2705 1060 2772 τόν
1073 2705 1152 2780 θεόν,
1172 2709 1206 2788 τή

422 2831 452 2900 δὲ
472 2834 553 2918 οῦσίᾳ
572 2833 658 2900 αῦτοῦ
670 2834 854 2918 προσεγγίζειν
868 2831 918 2917 οῦχ
930 2830 1153 2916 ῦπισχνοόμεθα·
1176 2833 1208 2898 αί

420 2959 469 3046 μὲν
491 2960 546 3046 γάρ
564 2961 692 3045 ίνίργειαι
709 2960 795 3026 αῦτοῦ
813 2959 885 3042 πρὸς
898 2958 972 3043 ήμάς
984 2963 1207 3044 καταβαιῦουσιν,

420 3087 438 3172 ἡ
452 3086 483 3154 66
496 3089 578 3155 οῦσία
590 3090 662 3172 μένει
676 3087 834 3171 ἀπρόσιτος.

487 3212 569 3282 Οῦιω
592 3215 646 3300 γάρ
667 3211 714 3280 καλ
735 3213 752 3280 ό
770 3215 856 3298 με’γας
867 3215 1046 3288 Ἀθανάσως
1063 3215 1145 3299 λέγει,
1164 3211 1207 3280 ότι

1279 1051 1383 1138 ὁρατῆς
1405 1053 1491 1120 αι’ποῦ
1511 1057 1685 1138 θεοφανειας
1706 1054 1735 1118 όν
1755 1053 1908 1140 πανάγνοις
1928 1057 2063 1138 θεωρίαις

1279 1180 1516 1266 ἀναλισκόμενα
1553 1181 1729 1266 φανοτάτου
1761 1180 1835 1266 ἡμᾶς
1868 1192 2063 1267 νανεανιῑι

1275 1308 1521 1392 περιανγαζοῦσής,
1546 1307 1586 1382 σός
1613 1305 1678 1383 τοῦς
1696 1305 1833 1392 μαθητάς
1861 1310 1889 1374 ίν
1915 1309 2001 1392 ε’κειῦή
2027 1313 2061 1392 τῇ

1275 1435 1410 1518 θεωτότρ
1421 1435 1643 1520 μεταγωρφοόσει·
1658 1440 1707 1520 τῆς
1721 1433 1751 1500 θλ
1764 1440 1862 1520 νονγτῆς
1876 1435 1962 1504 αῦτοῦ
1971 1461 2061 1520 φωτο

1276 1565 1372 1636 θοσίας
1393 1562 1422 1627 ίν
1445 1563 1562 1630 ἀπαθεῖ
1575 1559 1624 1628 καί
1642 1561 1718 1644 όῦλρ
1736 1565 1777 1644 τῷ
1790 1566 1830 1643 νιῦ
1843 1563 2001 1648 μετέχοντες
2013 1560 2061 1628 καί

1275 1693 1325 1772 τῆς
1351 1686 1421 1774 ὖπάρ
1448 1693 1512 1754 νοῦν
1534 1689 1659 1764 όνοόσεως
1681 1690 1710 1754 ἐν
1730 1700 1794 1763 ταῖς
1814 1695 1871 1756 τοῖν
1892 1688 2060 1774 ῦπερφανσῦν

1276 1815 1395 1882 ἀκτίνων
1423 1815 1576 1900 ἀγνώστοις
1608 1814 1655 1882 καλ
1683 1819 1835 1900 μακαρίαις
1863 1817 2003 1902 ε’πιβολαλς
2031 1817 2060 1882 ἐν

1275 1944 1406 2028 θειοτίρᾳ
1419 1943 1526 2027 μιμήσει
1539 1947 1597 2009 τοῦν
1610 1941 1815 2028 ῦπερονρανιῦον
1829 1943 1908 2012 νόων.

1338 2069 1401 2137 Καί
1426 2068 1443 2136 ὁ
1463 2071 1550 2155 μέγας
1570 2071 1720 2145 Baoflswc
1745 2065 1838 2138 ἆθλον
1858 2068 1941 2154 φησίν
1962 2071 2062 2156 ἀρετῆς

1275 2195 1347 2265 θεόν
1367 2200 1499 2283 γενεῦθαι
1519 2196 1568 2264 καλ
1591 2203 1632 2278 τρῦ
1654 2198 1856 2282 καθαρωτάτῳ
1878 2196 1951 2283 φωτί
1974 2223 2059 2264 κατα-

1275 2325 1484 2410 mammem,
1499 2329 1548 2410 τῆς
1567 2325 1671 2410 ἡνίεαυ
1691 2325 1791 2409 θείων
1812 2323 1870 2392 υἱόν
1887 2324 2058 2410 νυόνυαῆ

1274 2451 1311 2538 μή
1325 2453 1504 2519 διακόπτεται
1515 2453 1599 2538 ζόφῳ.
1614 2451 1698 2528 ἀλλος
1711 2450 1769 2537 γάρΙ
1778 2451 1881 2536 ταύτην
1894 2463 1970 2518 ποιεῖ
1977 2447 2060 2537 ήλιος,

1273 2579 1290 2649 ῦ
1304 2578 1337 2647 τό
1350 2578 1485 2664 άλγθινόν
1496 2584 1559 2664 φοῦς
1570 2579 1794 2664 ἀπαστράπτον·
1810 2578 1842 2654 ὃς
1855 2575 1965 2646 εἰτιιόάν
1977 2575 2059 2658 ἅπαξ

1273 2707 1412 2792 ε’πιφαῦσρ
1430 2707 1500 2792 ήμῖν,
1523 2707 1612 2774 οἰκίαι
1629 2707 1658 2772 ἐν
1672 2713 1788 2790 δυσμαῖς
1801 2705 1963 2789 κρόπτεται,
1983 2706 2057 2772 ἀλλά

1272 2836 1370 2902 πάντα
1382 2839 1416 2918 τῇ
1433 2839 1584 2919 φωτιστυιῇ
1599 2835 1685 2900 αῦτοῦ
1698 2833 1810 2916 θυνάμα
1823 2833 2058 2918 περιπτυξάμενος

1274 2959 1392 3047 θιγναιῦς
1409 2959 1457 3027 καλ
1475 2961 1625 3046 ἀθιάόοχον
1643 2971 1701 3034 τοῖς
1720 2961 1809 3039 ἀξίοις
1822 2959 1855 3027 τό
1869 2965 1931 3044 φῶς
1945 2961 2056 3044 ἐμποιεῖ,

1273 3087 1322 3156 καλ
1351 3088 1452 3163 αότοῦς
1479 3089 1544 3162 τοῦς
1570 3089 1735 3172 γατίχονιας
1762 3091 1812 3154 τοῦ
1839 3087 1935 3171 φωτός
1956 3088 2059 3154 ἕκειῦον

421 3340 508 3417 οῦόελς
522 3342 686 3426 ἀνθρώπων
701 3340 816 3408 θῦναται
829 3347 902 3407 θεοῦ
915 3341 1012 3408 οῦσίαν
1026 3339 1126 3427 γυμνήν
1141 3342 1206 3406 ι’όεῖν
1295 3348 1303 3370 ’
1413 3345 1421 3367 ’

421 3471 553 3554 οίκλαμοῦ·
576 3465 647 3538 ὅθεν
675 3469 812 3552 πρόθγλον
837 3465 881 3536 ότι
906 3469 939 3534 οῦ
964 3467 1013 3554 τήν
1040 3468 1137 3535 οόσίαν
1157 3471 1207 3534 τοῦ

421 3603 492 3664 θεοῦ
510 3597 624 3682 ἔβλωιον
642 3597 669 3661 ολ
683 3595 754 3680 ἅγιοι
769 3594 843 3662 ἀλλά
857 3594 907 3681 τήν
920 3597 1014 3674 δόξαν,
1030 3595 1069 3670 σῦς
1083 3593 1130 3660 καὶ
1143 3593 1206 3680 περὶ

420 3729 477 3790 τοῦτ
495 3724 661 3790 ἀποστόλων
679 3725 832 3808 γε’γραπται
852 3720 895 3790 ότι
914 3720 1206 3808 όιαγριγγορήσαντεςῦ

422 3847 1207 3936 Πότροςκαλολσίναότῷείόοντήνόόξαναεποῦ.καί

421 3973 506 4052 αῦθις
529 3977 545 4044 6
564 3977 649 4050 αῦτός
660 3977 804 4060 Ἀπαθής,
826 3981 903 4061 φησί,
923 3975 970 4043 καλ
988 3978 1017 4042 ε’ν
1035 3987 1094 4050 τοῖς
1112 3977 1207 4060 παθή

420 4131 488 4188 μασι
509 4109 559 4189 τῆς
577 4103 682 4187 σαρκός
699 4103 715 4172 6
729 4105 862 4189 Χριστός,
882 4103 922 4178 ὡς
936 4103 1007 4179 θεὸς
1024 4104 1136 4188 νικήσας
1150 4103 1206 4169 θά-

420 4259 505 4298 νατον
528 4229 576 4296 καί
599 4231 727 4306 ἀναστάς
744 4237 779 4316 πή
797 4233 874 4317 τρίτη
892 4231 992 4317 ήμίρᾳ,
1014 4229 1062 4297 καλ
1076 4230 1207 4297 άνελθολν

420 4355 1206 4443 ιάτόνοῦρανόνόνθόξρφοσιιιήκαίοῦκίνχάριτι

404 4473 563 4570 ’ἕαόναα
577 4485 606 4550 ἒν
619 4490 653 4568 τί
668 4485 753 4552 m]
766 4486 888 4570 θεότιτι
912 4487 1043 4570 ἑωυτοῖς
1057 4487 1206 4569 mmm

420 4612 450 4675 ἐκ
470 4617 520 4679 τοῦ
541 4613 571 4677 εἰι
590 4614 710 4696 Μαρίοις
730 4613 861 4696 σώματος
882 4614 968 4680 αῦτοῦ
989 4619 1040 4682 τοῦ
1058 4612 1137 4699 ἁγίου
1155 4613 1205 4699 τήν

419 4739 505 4816 δόξαν
523 4739 572 4824 τήν
587 4739 753 4823 ἀπόρρητον,
774 4739 814 4815 ὡς
828 4739 876 4807 καί
891 4738 936 4806 ε’πλ
949 4745 999 4808 τοῦ
1011 4739 1093 4825 όρους
1107 4741 1205 4819 ἔλειξεν

420 4864 478 4934 ἀπὸ
499 4867 604 4950 μόρους,
626 4865 764 4932 διδάσκων
783 4867 857 4952 ἡμεῖς
878 4865 920 4936 ότι
938 4866 986 4934 καλ
1003 4867 1138 4952 πρότερον
1156 4866 1204 4934 καλ

418 4996 466 5058 νῦν
487 4991 503 5059 6
526 4992 611 5066 αῦτός
633 4993 713 5070 ἔστιν,
736 4993 924 5070 ἀναλλοίωτος
946 4993 986 5060 οῦν
1005 4991 1048 5060 ἀεὶ
1062 4991 1109 5060 καί
1122 5021 1204 5079 μετα-

417 5119 500 5203 βολήν
514 5119 642 5204 σῦθεμίαν
656 5121 726 5205 ἔχων
739 5118 801 5206 περί
815 5120 865 5207 τήν
878 5123 1011 5206 θεόσιγτα.

485 5244 567 5314 Οῦτω
585 5244 666 5313 καλό
683 5248 769 5332 μίγας
787 5250 931 5324 Διονίισιος
939 5247 1028 5316 Ὅταν
1047 5248 1203 5334 ἄφθαρτοι,

418 5375 494 5457 φησί,
516 5372 564 5440 καλ
585 5375 730 5442 ἀθάνατοι
752 5375 916 5460 γενοίμεθα,
937 5377 985 5443 καί
1007 5383 1056 5461 τῆς
1075 5403 1203 5463 χριστοει·

419 5505 481 5574 όοῦς
502 5499 550 5566 καλ
570 5503 785 5586 μακαριωτάτης
808 5504 972 5588 εἰχιιιιιόμεθα
996 5505 1112 5589 λήξεως,
1135 5503 1202 5569 πάν

1272 3602 1384 3684 μεθέξει
1401 3604 1450 3682 τῆς
1467 3603 1565 3684 θεῒκής
1577 3597 1699 3683 χάριτος,
1718 3599 1819 3662 πασοῦν
1832 3601 1890 3661 τοῦν
1904 3595 1980 3662 κατὰ
1993 3601 2058 3662 νοῦν

1272 3752 1304 3794 τε
1324 3725 1372 3792 καλ
1391 3724 1525 3810 αι”σθήσιν
1543 3725 1681 3810 ε’νεργειοῦν
1700 3723 1770 3808 αῦτή
1787 3750 1818 3788 τε
1832 3723 1996 3806 παυσαμεῦνγ
2010 3720 2059 3788 καλ

1273 3853 1327 3930 τάς
1353 3857 1403 3920 τοῦ
1428 3853 1559 3936 σώματος
1584 3850 1704 3936 φυσικάς
1725 3851 1859 3934 ε’νεργείας
1880 3848 2058 3916 συναποπαῦ

1272 4005 1359 4055 σασα,
1380 3980 1594 4053 συνθεωθίνπος
1616 3978 1687 4061 αῦτή
1704 3976 1780 4044 κατά
1797 3977 1847 4062 τήν
1864 3977 2058 4061 ἀναλογοῦσαν

1273 4108 1350 4188 αι’πῷ
1370 4091 1483 4190 μίθεξιν
1501 4110 1550 4190 τῆς
1568 4105 1710 4180 θεοῦσεως,
1733 4101 1805 4170 οῦστε
1823 4103 1907 4188 μόνον
1924 4101 2058 4172 τὸνθεόν

1273 4236 1320 4303 διά
1333 4261 1364 4302 τε
1377 4239 1426 4319 τῆς
1438 4238 1531 4318 ψυχῆς
1548 4231 1596 4298 καλ
1609 4237 1659 4299 τοῦ
1672 4231 1803 4314 σώματος
1816 4230 1879 4297 τότε
1893 4232 2057 4315 φυιῦεσθαι,

1271 4364 1440 4446 νιναγθεῦτοιν
1469 4361 1562 4428 αῦτιῦν
1590 4365 1624 4444 τῇ
1652 4358 1788 4444 ὑπερβολῇ
1815 4361 1865 4440 τῆς
1893 4358 1975 4441 όόξγς
2001 4361 2059 4422 τοῦτ

1271 4495 1393 4574 φυσοιῦν
1407 4487 1611 4573 γνωρισμάτων.

1334 4614 1397 4682 Καὶ
1413 4614 1529 4701 όμόγας
1546 4615 1691 4689 Διονόσισς
1705 4613 1843 4700 Οόόεμόιν
1861 4609 1968 4696 όροῦμεν
1985 4611 2058 4676 θελε-

1272 4769 1315 4811 σιν
1334 4743 1352 4828 ἢ
1373 4743 1443 4828 ζωήν
1462 4741 1522 4828 ἥτις
1541 4743 1662 4827 ἀκριβῶς
1681 4742 1798 4828 ἐμφερής
1816 4745 1922 4828 ίστιτή
1943 4745 2058 4811 πάντων

1270 4870 1445 4956 ῦπερκειμεῦρ
1468 4871 1553 4955 αἰτίᾳ.
1573 4869 1620 4936 καλ
1639 4869 1656 4936 6
1676 4870 1760 4944 αῦτὸς
1778 4871 1953 4956 ε’ροιτόμενος
1965 4871 2057 4946 ποῦςό

1270 4999 1386 5065 πάντων
1405 4999 1529 5063 ἐπέκεινα
1548 4996 1596 5064 καλ
1613 4994 1682 5082 ῦπὲρ
1702 5001 1841 5083 θεαρχίαν
1856 4996 1913 5065 ε’στλ
1927 4997 1975 5065 κοιλ
1989 4996 2057 5082 ῦπόρ

1272 5125 1471 5210 ἀγαθαρχίαν,
1495 5125 1533 5189 Εί
1551 5125 1693 5207 θεότιγτα,
1716 5127 1796 5208 φησί,
1817 5115 1866 5192 καί
1887 5126 2059 5212 ἀγαθότνγτα

1270 5252 1384 5335 νοήσαις
1403 5251 1472 5318 αῦτό
1490 5249 1523 5318 τό
1542 5256 1635 5335 χρῆμα
1648 5256 1698 5317 τοῦ
1711 5252 1892 5336 άγαθοποιοῦ
1906 5253 1996 5336 δώρου
2009 5250 2058 5318 καλ

1256 5377 1303 5456 ,τό
1319 5378 1453 5462 ἀμήινγτον
1466 5379 1572 5460 μίμημα
1586 5381 1635 5442 τοῦ
1648 5376 1789 5461 ῦπερθεῦυ
1802 5377 1850 5444 καὶ
1863 5378 2057 5464 ῦπεραγάθσυ,

1270 5505 1339 5571 καθ’
1364 5503 1380 5570 6
1401 5503 1551 5587 θυσόμεθα
1577 5501 1626 5570 καὶ
1647 5503 1864 5589 ἀγαθυνόμεθα.
1889 5503 1937 5571 καλ
1958 5503 2012 5592 γάρ
2034 5507 2060 5572 εί

1740 5628 1753 5673 ΙΙί
